%YAML 1.1
%TAG !u! tag:unity3d.com,2011:
--- !u!1 &6235712863160532454
GameObject:
  m_ObjectHideFlags: 0
  m_CorrespondingSourceObject: {fileID: 0}
  m_PrefabInstance: {fileID: 0}
  m_PrefabAsset: {fileID: 0}
  serializedVersion: 6
  m_Component:
  - component: {fileID: 6235712863160532448}
  - component: {fileID: 6235712863160532449}
  - component: {fileID: 1051368327332687266}
  m_Layer: 0
  m_Name: GemstoneNecklace
  m_TagString: Untagged
  m_Icon: {fileID: 0}
  m_NavMeshLayer: 0
  m_StaticEditorFlags: 0
  m_IsActive: 1
--- !u!4 &6235712863160532448
Transform:
  m_ObjectHideFlags: 0
  m_CorrespondingSourceObject: {fileID: 0}
  m_PrefabInstance: {fileID: 0}
  m_PrefabAsset: {fileID: 0}
  m_GameObject: {fileID: 6235712863160532454}
  m_LocalRotation: {x: 0, y: 0, z: 0, w: 1}
  m_LocalPosition: {x: 8.7, y: 0, z: 0}
  m_LocalScale: {x: 1, y: 1, z: 1}
  m_Children:
  - {fileID: 6235712863499771914}
  - {fileID: 6235712863606434819}
  m_Father: {fileID: 0}
  m_RootOrder: 0
  m_LocalEulerAnglesHint: {x: 0, y: 0, z: 0}
--- !u!136 &6235712863160532449
CapsuleCollider:
  m_ObjectHideFlags: 0
  m_CorrespondingSourceObject: {fileID: 0}
  m_PrefabInstance: {fileID: 0}
  m_PrefabAsset: {fileID: 0}
  m_GameObject: {fileID: 6235712863160532454}
  m_Material: {fileID: 0}
  m_IsTrigger: 1
  m_Enabled: 1
  m_Radius: 0.5
  m_Height: 1
  m_Direction: 1
  m_Center: {x: 0, y: 0.3, z: 0.11}
--- !u!114 &1051368327332687266
MonoBehaviour:
  m_ObjectHideFlags: 0
  m_CorrespondingSourceObject: {fileID: 0}
  m_PrefabInstance: {fileID: 0}
  m_PrefabAsset: {fileID: 0}
  m_GameObject: {fileID: 6235712863160532454}
  m_Enabled: 1
  m_EditorHideFlags: 0
  m_Script: {fileID: 11500000, guid: e665e2b5e4f0234479aef089320822e0, type: 3}
  m_Name: 
  m_EditorClassIdentifier: 
  speed: 1
  value: 1
  jumpBonus: 0
  speedBonus: 0
  movementBonus: 0
  glideBonus: 0
  playerStatusManager: {fileID: 0}
  playerManager: {fileID: 0}
--- !u!1 &6235712863499771915
GameObject:
  m_ObjectHideFlags: 0
  m_CorrespondingSourceObject: {fileID: 0}
  m_PrefabInstance: {fileID: 0}
  m_PrefabAsset: {fileID: 0}
  serializedVersion: 6
  m_Component:
  - component: {fileID: 6235712863499771914}
  - component: {fileID: 6235712863499771926}
  - component: {fileID: 6235712863499771927}
  - component: {fileID: 6235712863499771924}
  - component: {fileID: 6235712863499771925}
  m_Layer: 0
  m_Name: Torus
  m_TagString: Untagged
  m_Icon: {fileID: 0}
  m_NavMeshLayer: 0
  m_StaticEditorFlags: 0
  m_IsActive: 1
--- !u!4 &6235712863499771914
Transform:
  m_ObjectHideFlags: 0
  m_CorrespondingSourceObject: {fileID: 0}
  m_PrefabInstance: {fileID: 0}
  m_PrefabAsset: {fileID: 0}
  m_GameObject: {fileID: 6235712863499771915}
  m_LocalRotation: {x: -0.13052624, y: -0, z: -0, w: 0.9914449}
  m_LocalPosition: {x: 0.4, y: 0.59999996, z: 0.1}
  m_LocalScale: {x: 1, y: 1, z: 1}
  m_Children: []
  m_Father: {fileID: 6235712863160532448}
  m_RootOrder: 0
  m_LocalEulerAnglesHint: {x: -15, y: 0, z: 0}
--- !u!114 &6235712863499771926
MonoBehaviour:
  m_ObjectHideFlags: 0
  m_CorrespondingSourceObject: {fileID: 0}
  m_PrefabInstance: {fileID: 0}
  m_PrefabAsset: {fileID: 0}
  m_GameObject: {fileID: 6235712863499771915}
  m_Enabled: 1
  m_EditorHideFlags: 0
  m_Script: {fileID: 11500000, guid: 8233d90336aea43098adf6dbabd606a2, type: 3}
  m_Name: 
  m_EditorClassIdentifier: 
  m_MeshFormatVersion: 1
  m_Faces:
  - m_Indexes: 000000000600000001000000060000000700000001000000
    m_SmoothingGroup: 1
    m_Uv:
      m_UseWorldSpace: 0
      m_FlipU: 0
      m_FlipV: 0
      m_SwapUV: 0
      m_Fill: 1
      m_Scale: {x: 1, y: 1}
      m_Offset: {x: 0, y: 0}
      m_Rotation: 0
      m_Anchor: 9
    m_Material: {fileID: 2100000, guid: c22777d6e868e4f2fb421913386b154e, type: 2}
    m_SubmeshIndex: 0
    m_ManualUV: 1
    elementGroup: -1
    m_TextureGroup: -1
  - m_Indexes: 020000000800000003000000080000000900000003000000
    m_SmoothingGroup: 1
    m_Uv:
      m_UseWorldSpace: 0
      m_FlipU: 0
      m_FlipV: 0
      m_SwapUV: 0
      m_Fill: 1
      m_Scale: {x: 1, y: 1}
      m_Offset: {x: 0, y: 0}
      m_Rotation: 0
      m_Anchor: 9
    m_Material: {fileID: 2100000, guid: c22777d6e868e4f2fb421913386b154e, type: 2}
    m_SubmeshIndex: 0
    m_ManualUV: 1
    elementGroup: -1
    m_TextureGroup: -1
  - m_Indexes: 040000000a000000050000000a0000000b00000005000000
    m_SmoothingGroup: 1
    m_Uv:
      m_UseWorldSpace: 0
      m_FlipU: 0
      m_FlipV: 0
      m_SwapUV: 0
      m_Fill: 1
      m_Scale: {x: 1, y: 1}
      m_Offset: {x: 0, y: 0}
      m_Rotation: 0
      m_Anchor: 9
    m_Material: {fileID: 2100000, guid: c22777d6e868e4f2fb421913386b154e, type: 2}
    m_SubmeshIndex: 0
    m_ManualUV: 1
    elementGroup: -1
    m_TextureGroup: -1
  - m_Indexes: 0c000000120000000d00000012000000130000000d000000
    m_SmoothingGroup: 1
    m_Uv:
      m_UseWorldSpace: 0
      m_FlipU: 0
      m_FlipV: 0
      m_SwapUV: 0
      m_Fill: 1
      m_Scale: {x: 1, y: 1}
      m_Offset: {x: 0, y: 0}
      m_Rotation: 0
      m_Anchor: 9
    m_Material: {fileID: 2100000, guid: c22777d6e868e4f2fb421913386b154e, type: 2}
    m_SubmeshIndex: 0
    m_ManualUV: 1
    elementGroup: -1
    m_TextureGroup: -1
  - m_Indexes: 0e000000140000000f00000014000000150000000f000000
    m_SmoothingGroup: 1
    m_Uv:
      m_UseWorldSpace: 0
      m_FlipU: 0
      m_FlipV: 0
      m_SwapUV: 0
      m_Fill: 1
      m_Scale: {x: 1, y: 1}
      m_Offset: {x: 0, y: 0}
      m_Rotation: 0
      m_Anchor: 9
    m_Material: {fileID: 2100000, guid: c22777d6e868e4f2fb421913386b154e, type: 2}
    m_SubmeshIndex: 0
    m_ManualUV: 1
    elementGroup: -1
    m_TextureGroup: -1
  - m_Indexes: 100000001600000011000000160000001700000011000000
    m_SmoothingGroup: 1
    m_Uv:
      m_UseWorldSpace: 0
      m_FlipU: 0
      m_FlipV: 0
      m_SwapUV: 0
      m_Fill: 1
      m_Scale: {x: 1, y: 1}
      m_Offset: {x: 0, y: 0}
      m_Rotation: 0
      m_Anchor: 9
    m_Material: {fileID: 2100000, guid: c22777d6e868e4f2fb421913386b154e, type: 2}
    m_SubmeshIndex: 0
    m_ManualUV: 1
    elementGroup: -1
    m_TextureGroup: -1
  - m_Indexes: 180000001e000000190000001e0000001f00000019000000
    m_SmoothingGroup: 1
    m_Uv:
      m_UseWorldSpace: 0
      m_FlipU: 0
      m_FlipV: 0
      m_SwapUV: 0
      m_Fill: 1
      m_Scale: {x: 1, y: 1}
      m_Offset: {x: 0, y: 0}
      m_Rotation: 0
      m_Anchor: 9
    m_Material: {fileID: 2100000, guid: c22777d6e868e4f2fb421913386b154e, type: 2}
    m_SubmeshIndex: 0
    m_ManualUV: 1
    elementGroup: -1
    m_TextureGroup: -1
  - m_Indexes: 1a000000200000001b00000020000000210000001b000000
    m_SmoothingGroup: 1
    m_Uv:
      m_UseWorldSpace: 0
      m_FlipU: 0
      m_FlipV: 0
      m_SwapUV: 0
      m_Fill: 1
      m_Scale: {x: 1, y: 1}
      m_Offset: {x: 0, y: 0}
      m_Rotation: 0
      m_Anchor: 9
    m_Material: {fileID: 2100000, guid: c22777d6e868e4f2fb421913386b154e, type: 2}
    m_SubmeshIndex: 0
    m_ManualUV: 1
    elementGroup: -1
    m_TextureGroup: -1
  - m_Indexes: 1c000000220000001d00000022000000230000001d000000
    m_SmoothingGroup: 1
    m_Uv:
      m_UseWorldSpace: 0
      m_FlipU: 0
      m_FlipV: 0
      m_SwapUV: 0
      m_Fill: 1
      m_Scale: {x: 1, y: 1}
      m_Offset: {x: 0, y: 0}
      m_Rotation: 0
      m_Anchor: 9
    m_Material: {fileID: 2100000, guid: c22777d6e868e4f2fb421913386b154e, type: 2}
    m_SubmeshIndex: 0
    m_ManualUV: 1
    elementGroup: -1
    m_TextureGroup: -1
  - m_Indexes: 240000002a000000250000002a0000002b00000025000000
    m_SmoothingGroup: 1
    m_Uv:
      m_UseWorldSpace: 0
      m_FlipU: 0
      m_FlipV: 0
      m_SwapUV: 0
      m_Fill: 1
      m_Scale: {x: 1, y: 1}
      m_Offset: {x: 0, y: 0}
      m_Rotation: 0
      m_Anchor: 9
    m_Material: {fileID: 2100000, guid: c22777d6e868e4f2fb421913386b154e, type: 2}
    m_SubmeshIndex: 0
    m_ManualUV: 1
    elementGroup: -1
    m_TextureGroup: -1
  - m_Indexes: 260000002c000000270000002c0000002d00000027000000
    m_SmoothingGroup: 1
    m_Uv:
      m_UseWorldSpace: 0
      m_FlipU: 0
      m_FlipV: 0
      m_SwapUV: 0
      m_Fill: 1
      m_Scale: {x: 1, y: 1}
      m_Offset: {x: 0, y: 0}
      m_Rotation: 0
      m_Anchor: 9
    m_Material: {fileID: 2100000, guid: c22777d6e868e4f2fb421913386b154e, type: 2}
    m_SubmeshIndex: 0
    m_ManualUV: 1
    elementGroup: -1
    m_TextureGroup: -1
  - m_Indexes: 280000002e000000290000002e0000002f00000029000000
    m_SmoothingGroup: 1
    m_Uv:
      m_UseWorldSpace: 0
      m_FlipU: 0
      m_FlipV: 0
      m_SwapUV: 0
      m_Fill: 1
      m_Scale: {x: 1, y: 1}
      m_Offset: {x: 0, y: 0}
      m_Rotation: 0
      m_Anchor: 9
    m_Material: {fileID: 2100000, guid: c22777d6e868e4f2fb421913386b154e, type: 2}
    m_SubmeshIndex: 0
    m_ManualUV: 1
    elementGroup: -1
    m_TextureGroup: -1
  - m_Indexes: 300000003600000031000000360000003700000031000000
    m_SmoothingGroup: 1
    m_Uv:
      m_UseWorldSpace: 0
      m_FlipU: 0
      m_FlipV: 0
      m_SwapUV: 0
      m_Fill: 1
      m_Scale: {x: 1, y: 1}
      m_Offset: {x: 0, y: 0}
      m_Rotation: 0
      m_Anchor: 9
    m_Material: {fileID: 2100000, guid: c22777d6e868e4f2fb421913386b154e, type: 2}
    m_SubmeshIndex: 0
    m_ManualUV: 1
    elementGroup: -1
    m_TextureGroup: -1
  - m_Indexes: 320000003800000033000000380000003900000033000000
    m_SmoothingGroup: 1
    m_Uv:
      m_UseWorldSpace: 0
      m_FlipU: 0
      m_FlipV: 0
      m_SwapUV: 0
      m_Fill: 1
      m_Scale: {x: 1, y: 1}
      m_Offset: {x: 0, y: 0}
      m_Rotation: 0
      m_Anchor: 9
    m_Material: {fileID: 2100000, guid: c22777d6e868e4f2fb421913386b154e, type: 2}
    m_SubmeshIndex: 0
    m_ManualUV: 1
    elementGroup: -1
    m_TextureGroup: -1
  - m_Indexes: 340000003a000000350000003a0000003b00000035000000
    m_SmoothingGroup: 1
    m_Uv:
      m_UseWorldSpace: 0
      m_FlipU: 0
      m_FlipV: 0
      m_SwapUV: 0
      m_Fill: 1
      m_Scale: {x: 1, y: 1}
      m_Offset: {x: 0, y: 0}
      m_Rotation: 0
      m_Anchor: 9
    m_Material: {fileID: 2100000, guid: c22777d6e868e4f2fb421913386b154e, type: 2}
    m_SubmeshIndex: 0
    m_ManualUV: 1
    elementGroup: -1
    m_TextureGroup: -1
  - m_Indexes: 3c000000420000003d00000042000000430000003d000000
    m_SmoothingGroup: 1
    m_Uv:
      m_UseWorldSpace: 0
      m_FlipU: 0
      m_FlipV: 0
      m_SwapUV: 0
      m_Fill: 1
      m_Scale: {x: 1, y: 1}
      m_Offset: {x: 0, y: 0}
      m_Rotation: 0
      m_Anchor: 9
    m_Material: {fileID: 2100000, guid: c22777d6e868e4f2fb421913386b154e, type: 2}
    m_SubmeshIndex: 0
    m_ManualUV: 1
    elementGroup: -1
    m_TextureGroup: -1
  - m_Indexes: 3e000000440000003f00000044000000450000003f000000
    m_SmoothingGroup: 1
    m_Uv:
      m_UseWorldSpace: 0
      m_FlipU: 0
      m_FlipV: 0
      m_SwapUV: 0
      m_Fill: 1
      m_Scale: {x: 1, y: 1}
      m_Offset: {x: 0, y: 0}
      m_Rotation: 0
      m_Anchor: 9
    m_Material: {fileID: 2100000, guid: c22777d6e868e4f2fb421913386b154e, type: 2}
    m_SubmeshIndex: 0
    m_ManualUV: 1
    elementGroup: -1
    m_TextureGroup: -1
  - m_Indexes: 400000004600000041000000460000004700000041000000
    m_SmoothingGroup: 1
    m_Uv:
      m_UseWorldSpace: 0
      m_FlipU: 0
      m_FlipV: 0
      m_SwapUV: 0
      m_Fill: 1
      m_Scale: {x: 1, y: 1}
      m_Offset: {x: 0, y: 0}
      m_Rotation: 0
      m_Anchor: 9
    m_Material: {fileID: 2100000, guid: c22777d6e868e4f2fb421913386b154e, type: 2}
    m_SubmeshIndex: 0
    m_ManualUV: 1
    elementGroup: -1
    m_TextureGroup: -1
  - m_Indexes: 480000004e000000490000004e0000004f00000049000000
    m_SmoothingGroup: 1
    m_Uv:
      m_UseWorldSpace: 0
      m_FlipU: 0
      m_FlipV: 0
      m_SwapUV: 0
      m_Fill: 1
      m_Scale: {x: 1, y: 1}
      m_Offset: {x: 0, y: 0}
      m_Rotation: 0
      m_Anchor: 9
    m_Material: {fileID: 2100000, guid: c22777d6e868e4f2fb421913386b154e, type: 2}
    m_SubmeshIndex: 0
    m_ManualUV: 1
    elementGroup: -1
    m_TextureGroup: -1
  - m_Indexes: 4a000000500000004b00000050000000510000004b000000
    m_SmoothingGroup: 1
    m_Uv:
      m_UseWorldSpace: 0
      m_FlipU: 0
      m_FlipV: 0
      m_SwapUV: 0
      m_Fill: 1
      m_Scale: {x: 1, y: 1}
      m_Offset: {x: 0, y: 0}
      m_Rotation: 0
      m_Anchor: 9
    m_Material: {fileID: 2100000, guid: c22777d6e868e4f2fb421913386b154e, type: 2}
    m_SubmeshIndex: 0
    m_ManualUV: 1
    elementGroup: -1
    m_TextureGroup: -1
  - m_Indexes: 4c000000520000004d00000052000000530000004d000000
    m_SmoothingGroup: 1
    m_Uv:
      m_UseWorldSpace: 0
      m_FlipU: 0
      m_FlipV: 0
      m_SwapUV: 0
      m_Fill: 1
      m_Scale: {x: 1, y: 1}
      m_Offset: {x: 0, y: 0}
      m_Rotation: 0
      m_Anchor: 9
    m_Material: {fileID: 2100000, guid: c22777d6e868e4f2fb421913386b154e, type: 2}
    m_SubmeshIndex: 0
    m_ManualUV: 1
    elementGroup: -1
    m_TextureGroup: -1
  - m_Indexes: 540000005a000000550000005a0000005b00000055000000
    m_SmoothingGroup: 1
    m_Uv:
      m_UseWorldSpace: 0
      m_FlipU: 0
      m_FlipV: 0
      m_SwapUV: 0
      m_Fill: 1
      m_Scale: {x: 1, y: 1}
      m_Offset: {x: 0, y: 0}
      m_Rotation: 0
      m_Anchor: 9
    m_Material: {fileID: 2100000, guid: c22777d6e868e4f2fb421913386b154e, type: 2}
    m_SubmeshIndex: 0
    m_ManualUV: 1
    elementGroup: -1
    m_TextureGroup: -1
  - m_Indexes: 560000005c000000570000005c0000005d00000057000000
    m_SmoothingGroup: 1
    m_Uv:
      m_UseWorldSpace: 0
      m_FlipU: 0
      m_FlipV: 0
      m_SwapUV: 0
      m_Fill: 1
      m_Scale: {x: 1, y: 1}
      m_Offset: {x: 0, y: 0}
      m_Rotation: 0
      m_Anchor: 9
    m_Material: {fileID: 2100000, guid: c22777d6e868e4f2fb421913386b154e, type: 2}
    m_SubmeshIndex: 0
    m_ManualUV: 1
    elementGroup: -1
    m_TextureGroup: -1
  - m_Indexes: 580000005e000000590000005e0000005f00000059000000
    m_SmoothingGroup: 1
    m_Uv:
      m_UseWorldSpace: 0
      m_FlipU: 0
      m_FlipV: 0
      m_SwapUV: 0
      m_Fill: 1
      m_Scale: {x: 1, y: 1}
      m_Offset: {x: 0, y: 0}
      m_Rotation: 0
      m_Anchor: 9
    m_Material: {fileID: 2100000, guid: c22777d6e868e4f2fb421913386b154e, type: 2}
    m_SubmeshIndex: 0
    m_ManualUV: 1
    elementGroup: -1
    m_TextureGroup: -1
  m_SharedVertices:
  - m_Vertices: 00000000050000005a0000005f000000
  - m_Vertices: 01000000020000005b0000005c000000
  - m_Vertices: 03000000040000005d0000005e000000
  - m_Vertices: 060000000b0000000c00000011000000
  - m_Vertices: 07000000080000000d0000000e000000
  - m_Vertices: 090000000a0000000f00000010000000
  - m_Vertices: 1200000017000000180000001d000000
  - m_Vertices: 1300000014000000190000001a000000
  - m_Vertices: 15000000160000001b0000001c000000
  - m_Vertices: 1e000000230000002400000029000000
  - m_Vertices: 1f000000200000002500000026000000
  - m_Vertices: 21000000220000002700000028000000
  - m_Vertices: 2a0000002f0000003000000035000000
  - m_Vertices: 2b0000002c0000003100000032000000
  - m_Vertices: 2d0000002e0000003300000034000000
  - m_Vertices: 360000003b0000003c00000041000000
  - m_Vertices: 37000000380000003d0000003e000000
  - m_Vertices: 390000003a0000003f00000040000000
  - m_Vertices: 4200000047000000480000004d000000
  - m_Vertices: 4300000044000000490000004a000000
  - m_Vertices: 45000000460000004b0000004c000000
  - m_Vertices: 4e000000530000005400000059000000
  - m_Vertices: 4f000000500000005500000056000000
  - m_Vertices: 51000000520000005700000058000000
  m_SharedTextures: []
  m_Positions:
  - {x: 0, y: 0, z: 0}
  - {x: -0.09, y: 0.051961523, z: 0}
  - {x: -0.09, y: 0.051961523, z: 0}
  - {x: -0.09, y: -0.051961526, z: 0}
  - {x: -0.09, y: -0.051961526, z: 0}
  - {x: 0, y: 0.000000010490733, z: 0}
  - {x: -0.11715731, y: 0, z: -0.28284273}
  - {x: -0.18079692, y: 0.051961523, z: -0.21920311}
  - {x: -0.18079692, y: 0.051961523, z: -0.21920311}
  - {x: -0.18079692, y: -0.051961526, z: -0.21920311}
  - {x: -0.18079692, y: -0.051961526, z: -0.21920311}
  - {x: -0.11715731, y: 0.000000010490733, z: -0.28284273}
  - {x: -0.11715731, y: 0, z: -0.28284273}
  - {x: -0.18079692, y: 0.051961523, z: -0.21920311}
  - {x: -0.18079692, y: 0.051961523, z: -0.21920311}
  - {x: -0.18079692, y: -0.051961526, z: -0.21920311}
  - {x: -0.18079692, y: -0.051961526, z: -0.21920311}
  - {x: -0.11715731, y: 0.000000010490733, z: -0.28284273}
  - {x: -0.39999998, y: 0, z: -0.39999998}
  - {x: -0.39999998, y: 0.051961523, z: -0.30999997}
  - {x: -0.39999998, y: 0.051961523, z: -0.30999997}
  - {x: -0.39999998, y: -0.051961526, z: -0.30999997}
  - {x: -0.39999998, y: -0.051961526, z: -0.30999997}
  - {x: -0.39999998, y: 0.000000010490733, z: -0.39999998}
  - {x: -0.39999998, y: 0, z: -0.39999998}
  - {x: -0.39999998, y: 0.051961523, z: -0.30999997}
  - {x: -0.39999998, y: 0.051961523, z: -0.30999997}
  - {x: -0.39999998, y: -0.051961526, z: -0.30999997}
  - {x: -0.39999998, y: -0.051961526, z: -0.30999997}
  - {x: -0.39999998, y: 0.000000010490733, z: -0.39999998}
  - {x: -0.68284273, y: 0, z: -0.28284273}
  - {x: -0.6192031, y: 0.051961523, z: -0.2192031}
  - {x: -0.6192031, y: 0.051961523, z: -0.2192031}
  - {x: -0.6192031, y: -0.051961526, z: -0.2192031}
  - {x: -0.6192031, y: -0.051961526, z: -0.2192031}
  - {x: -0.68284273, y: 0.000000010490733, z: -0.28284273}
  - {x: -0.68284273, y: 0, z: -0.28284273}
  - {x: -0.6192031, y: 0.051961523, z: -0.2192031}
  - {x: -0.6192031, y: 0.051961523, z: -0.2192031}
  - {x: -0.6192031, y: -0.051961526, z: -0.2192031}
  - {x: -0.6192031, y: -0.051961526, z: -0.2192031}
  - {x: -0.68284273, y: 0.000000010490733, z: -0.28284273}
  - {x: -0.8, y: 0, z: 0.000000034969112}
  - {x: -0.71000004, y: 0.051961523, z: 0.000000027101061}
  - {x: -0.71000004, y: 0.051961523, z: 0.000000027101061}
  - {x: -0.71000004, y: -0.051961526, z: 0.000000027101061}
  - {x: -0.71000004, y: -0.051961526, z: 0.000000027101061}
  - {x: -0.8, y: 0.000000010490733, z: 0.000000034969112}
  - {x: -0.8, y: 0, z: 0.000000034969112}
  - {x: -0.71000004, y: 0.051961523, z: 0.000000027101061}
  - {x: -0.71000004, y: 0.051961523, z: 0.000000027101061}
  - {x: -0.71000004, y: -0.051961526, z: 0.000000027101061}
  - {x: -0.71000004, y: -0.051961526, z: 0.000000027101061}
  - {x: -0.8, y: 0.000000010490733, z: 0.000000034969112}
  - {x: -0.6828428, y: 0, z: 0.2828427}
  - {x: -0.61920315, y: 0.051961523, z: 0.21920308}
  - {x: -0.61920315, y: 0.051961523, z: 0.21920308}
  - {x: -0.61920315, y: -0.051961526, z: 0.21920308}
  - {x: -0.61920315, y: -0.051961526, z: 0.21920308}
  - {x: -0.6828428, y: 0.000000010490733, z: 0.2828427}
  - {x: -0.6828428, y: 0, z: 0.2828427}
  - {x: -0.61920315, y: 0.051961523, z: 0.21920308}
  - {x: -0.61920315, y: 0.051961523, z: 0.21920308}
  - {x: -0.61920315, y: -0.051961526, z: 0.21920308}
  - {x: -0.61920315, y: -0.051961526, z: 0.21920308}
  - {x: -0.6828428, y: 0.000000010490733, z: 0.2828427}
  - {x: -0.39999998, y: 0, z: 0.39999998}
  - {x: -0.39999998, y: 0.051961523, z: 0.30999997}
  - {x: -0.39999998, y: 0.051961523, z: 0.30999997}
  - {x: -0.39999998, y: -0.051961526, z: 0.30999997}
  - {x: -0.39999998, y: -0.051961526, z: 0.30999997}
  - {x: -0.39999998, y: 0.000000010490733, z: 0.39999998}
  - {x: -0.39999998, y: 0, z: 0.39999998}
  - {x: -0.39999998, y: 0.051961523, z: 0.30999997}
  - {x: -0.39999998, y: 0.051961523, z: 0.30999997}
  - {x: -0.39999998, y: -0.051961526, z: 0.30999997}
  - {x: -0.39999998, y: -0.051961526, z: 0.30999997}
  - {x: -0.39999998, y: 0.000000010490733, z: 0.39999998}
  - {x: -0.11715731, y: 0, z: 0.28284273}
  - {x: -0.18079692, y: 0.051961523, z: 0.21920311}
  - {x: -0.18079692, y: 0.051961523, z: 0.21920311}
  - {x: -0.18079692, y: -0.051961526, z: 0.21920311}
  - {x: -0.18079692, y: -0.051961526, z: 0.21920311}
  - {x: -0.11715731, y: 0.000000010490733, z: 0.28284273}
  - {x: -0.11715731, y: 0, z: 0.28284273}
  - {x: -0.18079692, y: 0.051961523, z: 0.21920311}
  - {x: -0.18079692, y: 0.051961523, z: 0.21920311}
  - {x: -0.18079692, y: -0.051961526, z: 0.21920311}
  - {x: -0.18079692, y: -0.051961526, z: 0.21920311}
  - {x: -0.11715731, y: 0.000000010490733, z: 0.28284273}
  - {x: 0, y: 0, z: -0.000000069938224}
  - {x: -0.09, y: 0.051961523, z: -0.000000054202122}
  - {x: -0.09, y: 0.051961523, z: -0.000000054202122}
  - {x: -0.09, y: -0.051961526, z: -0.000000054202122}
  - {x: -0.09, y: -0.051961526, z: -0.000000054202122}
  - {x: 0, y: 0.000000010490733, z: -0.000000069938224}
  m_Textures0:
  - {x: 0, y: 0}
  - {x: -0.09, y: 0}
  - {x: 0, y: 0.051961523}
  - {x: -0, y: -0.051961526}
  - {x: 0.09, y: 0}
  - {x: 0, y: 0}
  - {x: -0.11715731, y: -0.28284273}
  - {x: -0.18079692, y: -0.21920311}
  - {x: 0.21920311, y: 0.051961523}
  - {x: 0.21920311, y: -0.051961526}
  - {x: 0.18079692, y: -0.21920311}
  - {x: 0.11715731, y: -0.28284273}
  - {x: -0.11715731, y: -0.28284273}
  - {x: -0.18079692, y: -0.21920311}
  - {x: 0.18079692, y: 0.051961523}
  - {x: 0.18079692, y: -0.051961526}
  - {x: 0.18079692, y: -0.21920311}
  - {x: 0.11715731, y: -0.28284273}
  - {x: -0.39999998, y: -0.39999998}
  - {x: -0.39999998, y: -0.30999997}
  - {x: 0.39999998, y: 0.051961523}
  - {x: 0.39999998, y: -0.051961526}
  - {x: 0.39999998, y: -0.30999997}
  - {x: 0.39999998, y: -0.39999998}
  - {x: -0.39999998, y: -0.39999998}
  - {x: -0.39999998, y: -0.30999997}
  - {x: 0.39999998, y: 0.051961523}
  - {x: 0.39999998, y: -0.051961526}
  - {x: 0.39999998, y: -0.30999997}
  - {x: 0.39999998, y: -0.39999998}
  - {x: -0.68284273, y: -0.28284273}
  - {x: -0.6192031, y: -0.2192031}
  - {x: 0.6192031, y: 0.051961523}
  - {x: 0.6192031, y: -0.051961526}
  - {x: 0.6192031, y: -0.2192031}
  - {x: 0.68284273, y: -0.28284273}
  - {x: -0.68284273, y: -0.28284273}
  - {x: -0.6192031, y: -0.2192031}
  - {x: -0.2192031, y: 0.051961523}
  - {x: -0.2192031, y: -0.051961526}
  - {x: 0.6192031, y: -0.2192031}
  - {x: 0.68284273, y: -0.28284273}
  - {x: -0.8, y: 0.000000034969112}
  - {x: -0.71000004, y: 0.000000027101061}
  - {x: 0.000000027101061, y: 0.051961523}
  - {x: 0.000000027101061, y: -0.051961526}
  - {x: 0.71000004, y: 0.000000027101061}
  - {x: 0.8, y: 0.000000034969112}
  - {x: -0.8, y: 0.000000034969112}
  - {x: -0.71000004, y: 0.000000027101061}
  - {x: 0.000000027101061, y: 0.051961523}
  - {x: 0.000000027101061, y: -0.051961526}
  - {x: 0.71000004, y: 0.000000027101061}
  - {x: 0.8, y: 0.000000034969112}
  - {x: -0.6828428, y: 0.2828427}
  - {x: -0.61920315, y: 0.21920308}
  - {x: 0.21920308, y: 0.051961523}
  - {x: 0.21920308, y: -0.051961526}
  - {x: 0.61920315, y: 0.21920308}
  - {x: 0.6828428, y: 0.2828427}
  - {x: -0.6828428, y: 0.2828427}
  - {x: -0.61920315, y: 0.21920308}
  - {x: -0.61920315, y: 0.051961523}
  - {x: -0.61920315, y: -0.051961526}
  - {x: 0.61920315, y: 0.21920308}
  - {x: 0.6828428, y: 0.2828427}
  - {x: -0.39999998, y: 0.39999998}
  - {x: -0.39999998, y: 0.30999997}
  - {x: -0.39999998, y: 0.051961523}
  - {x: -0.39999998, y: -0.051961526}
  - {x: 0.39999998, y: 0.30999997}
  - {x: 0.39999998, y: 0.39999998}
  - {x: -0.39999998, y: 0.39999998}
  - {x: -0.39999998, y: 0.30999997}
  - {x: -0.39999998, y: 0.051961523}
  - {x: -0.39999998, y: -0.051961526}
  - {x: 0.39999998, y: 0.30999997}
  - {x: 0.39999998, y: 0.39999998}
  - {x: -0.11715731, y: 0.28284273}
  - {x: -0.18079692, y: 0.21920311}
  - {x: -0.18079692, y: 0.051961523}
  - {x: -0.18079692, y: -0.051961526}
  - {x: 0.18079692, y: 0.21920311}
  - {x: 0.11715731, y: 0.28284273}
  - {x: -0.11715731, y: 0.28284273}
  - {x: -0.18079692, y: 0.21920311}
  - {x: -0.21920311, y: 0.051961523}
  - {x: -0.21920311, y: -0.051961526}
  - {x: 0.18079692, y: 0.21920311}
  - {x: 0.11715731, y: 0.28284273}
  - {x: 0, y: -0.000000069938224}
  - {x: -0.09, y: -0.000000054202122}
  - {x: 0.000000054202122, y: 0.051961523}
  - {x: 0.000000054202122, y: -0.051961526}
  - {x: 0.09, y: -0.000000054202122}
  - {x: 0, y: -0.000000069938224}
  m_Textures2: []
  m_Textures3: []
  m_Tangents:
  - {x: 0.00000010323828, y: -1, z: 0.000000065893204, w: -1}
  - {x: 0.89008015, y: 0.45580393, z: 0.000000048382567, w: -1}
  - {x: -0.3078984, y: -0.15767261, z: -0.93826324, w: -1}
  - {x: -0.30789843, y: 0.15767258, z: -0.93826324, w: -1}
  - {x: -0.8900803, y: 0.45580378, z: -0.000000048382585, w: -1}
  - {x: 0, y: -1, z: -0.0000000658932, w: -1}
  - {x: 0.54772264, y: -0.6324555, z: 0.5477225, w: -1}
  - {x: 0.91734195, y: 0.20962277, z: 0.33844057, w: -1}
  - {x: -0.4457354, y: 0.1576726, z: -0.88116926, w: -1}
  - {x: -0.44573537, y: -0.15767257, z: -0.88116926, w: -1}
  - {x: -0.91734195, y: 0.20962271, z: -0.33844066, w: -1}
  - {x: -0.5477225, y: -0.6324555, z: -0.5477226, w: -1}
  - {x: 0.6698352, y: -0.32037723, z: 0.6698352, w: -1}
  - {x: 0.9425571, y: 0.27016434, z: 0.19646214, w: -1}
  - {x: -0.8811694, y: -0.15767258, z: -0.44573528, w: -1}
  - {x: -0.8811694, y: 0.1576726, z: -0.44573528, w: -1}
  - {x: -0.9425571, y: 0.27016428, z: -0.19646212, w: -1}
  - {x: -0.6698352, y: -0.32037717, z: -0.6698352, w: -1}
  - {x: 0.9725754, y: -0.23258778, z: 0.00000003764268, w: -1}
  - {x: 0.9941115, y: -0.049391795, z: 0.096450806, w: -1}
  - {x: -0.9382633, y: 0.15767261, z: -0.30789828, w: -1}
  - {x: -0.9382633, y: -0.1576726, z: -0.30789828, w: -1}
  - {x: -0.9941115, y: -0.049391795, z: -0.096450835, w: -1}
  - {x: -0.9725753, y: -0.23258781, z: -0.0000000659577, w: -1}
  - {x: 0.9725754, y: 0.23258771, z: 0.0000000659577, w: -1}
  - {x: 0.9941115, y: 0.04939172, z: -0.0964508, w: -1}
  - {x: -0.9382633, y: -0.15767255, z: 0.30789828, w: -1}
  - {x: -0.9382633, y: 0.15767255, z: 0.30789828, w: -1}
  - {x: -0.9941115, y: 0.049391765, z: 0.09645083, w: -1}
  - {x: -0.9725754, y: 0.23258778, z: -0.00000003764268, w: -1}
  - {x: 0.66983527, y: 0.32037714, z: -0.66983527, w: -1}
  - {x: 0.9425571, y: -0.27016428, z: -0.19646215, w: -1}
  - {x: -0.8811694, y: 0.15767257, z: 0.44573525, w: -1}
  - {x: -0.8811694, y: -0.15767263, z: 0.44573525, w: -1}
  - {x: -0.9425571, y: -0.27016434, z: 0.19646214, w: -1}
  - {x: -0.66983527, y: 0.32037708, z: 0.66983527, w: -1}
  - {x: 0.54772264, y: 0.6324554, z: -0.5477226, w: -1}
  - {x: 0.9173419, y: -0.20962277, z: -0.33844078, w: -1}
  - {x: -0.4457355, y: -0.15767266, z: 0.8811692, w: -1}
  - {x: -0.44573545, y: 0.15767255, z: 0.88116926, w: -1}
  - {x: -0.91734195, y: -0.20962286, z: 0.3384406, w: -1}
  - {x: -0.5477225, y: 0.6324555, z: 0.5477226, w: -1}
  - {x: 0.00000010323826, y: 1, z: -0.000000065893175, w: -1}
  - {x: 0.8900803, y: -0.45580396, z: 0.000000048382596, w: -1}
  - {x: -0.30789843, y: 0.15767267, z: 0.93826324, w: -1}
  - {x: -0.3078985, y: -0.15767257, z: 0.93826324, w: -1}
  - {x: -0.8900803, y: -0.45580396, z: 0.00000015724345, w: -1}
  - {x: 0.00000010323824, y: 1, z: 0.000000065893175, w: -1}
  - {x: 0.000000103238236, y: 1, z: -0.00000006589316, w: -1}
  - {x: 0.89008015, y: -0.45580393, z: 0.000000048382567, w: -1}
  - {x: 0.30789837, y: -0.15767258, z: 0.93826324, w: -1}
  - {x: 0.3078983, y: 0.15767269, z: 0.93826324, w: -1}
  - {x: -0.89008015, y: -0.45580396, z: 0.00000015724348, w: -1}
  - {x: 0, y: 1, z: 0.0000000658932, w: -1}
  - {x: 0.5477226, y: 0.6324555, z: 0.54772246, w: -1}
  - {x: 0.91734195, y: -0.2096227, z: 0.33844054, w: -1}
  - {x: 0.44573537, y: 0.15767258, z: 0.88116926, w: -1}
  - {x: 0.44573534, y: -0.15767261, z: 0.88116926, w: -1}
  - {x: -0.91734195, y: -0.2096227, z: -0.33844063, w: -1}
  - {x: -0.5477226, y: 0.63245547, z: -0.54772264, w: -1}
  - {x: 0.66983527, y: 0.32037717, z: 0.66983527, w: -1}
  - {x: 0.9425571, y: -0.2701643, z: 0.19646212, w: -1}
  - {x: 0.8811694, y: -0.15767263, z: 0.44573522, w: -1}
  - {x: 0.88116944, y: 0.15767257, z: 0.4457352, w: -1}
  - {x: -0.9425571, y: -0.27016425, z: -0.19646208, w: -1}
  - {x: -0.66983527, y: 0.32037714, z: -0.66983527, w: -1}
  - {x: 0.9725754, y: 0.23258772, z: -0.00000008043647, w: -1}
  - {x: 0.9941115, y: 0.04939175, z: 0.09645079, w: -1}
  - {x: 0.93826336, y: 0.15767257, z: 0.30789822, w: -1}
  - {x: 0.93826336, y: -0.15767254, z: 0.30789825, w: -1}
  - {x: -0.9941115, y: 0.04939178, z: -0.0964508, w: -1}
  - {x: -0.9725754, y: 0.23258778, z: 0.000000037963943, w: -1}
  - {x: 0.9725754, y: -0.23258777, z: -0.000000037963947, w: -1}
  - {x: 0.9941115, y: -0.049391765, z: -0.09645082, w: -1}
  - {x: 0.9382633, y: -0.15767258, z: -0.30789828, w: -1}
  - {x: 0.9382633, y: 0.15767255, z: -0.3078983, w: -1}
  - {x: -0.9941115, y: -0.049391765, z: 0.09645082, w: -1}
  - {x: -0.9725753, y: -0.23258781, z: 0.00000008043647, w: -1}
  - {x: 0.6698351, y: -0.32037723, z: -0.66983527, w: -1}
  - {x: 0.9425571, y: 0.27016434, z: -0.19646212, w: -1}
  - {x: 0.8811694, y: 0.15767263, z: -0.44573528, w: -1}
  - {x: 0.8811694, y: -0.1576726, z: -0.44573528, w: -1}
  - {x: -0.9425571, y: 0.27016428, z: 0.19646212, w: -1}
  - {x: -0.6698351, y: -0.32037723, z: 0.66983527, w: -1}
  - {x: 0.5477225, y: -0.6324556, z: -0.5477225, w: -1}
  - {x: 0.91734195, y: 0.20962286, z: -0.33844066, w: -1}
  - {x: 0.44573528, y: -0.1576726, z: -0.8811693, w: -1}
  - {x: 0.44573528, y: 0.1576726, z: -0.8811693, w: -1}
  - {x: -0.91734195, y: 0.20962271, z: 0.3384407, w: -1}
  - {x: -0.5477224, y: -0.6324556, z: 0.54772264, w: -1}
  - {x: 0.000000103238264, y: -1, z: 0.0000000658932, w: -1}
  - {x: 0.89008015, y: 0.45580402, z: 0.000000048382585, w: -1}
  - {x: 0.3078983, y: 0.15767261, z: -0.9382633, w: -1}
  - {x: 0.3078983, y: -0.1576726, z: -0.9382633, w: -1}
  - {x: -0.8900803, y: 0.45580396, z: -0.0000000483826, w: -1}
  - {x: 0, y: -1, z: -0.00000006589319, w: -1}
  m_Colors: []
  m_UnwrapParameters:
    m_HardAngle: 88
    m_PackMargin: 20
    m_AngleError: 8
    m_AreaError: 15
  m_PreserveMeshAssetOnDestroy: 0
  assetGuid: 
  m_Mesh: {fileID: 0}
  m_IsSelectable: 1
  m_SelectedFaces: 
  m_SelectedEdges: []
  m_SelectedVertices: 
--- !u!23 &6235712863499771927
MeshRenderer:
  m_ObjectHideFlags: 0
  m_CorrespondingSourceObject: {fileID: 0}
  m_PrefabInstance: {fileID: 0}
  m_PrefabAsset: {fileID: 0}
  m_GameObject: {fileID: 6235712863499771915}
  m_Enabled: 1
  m_CastShadows: 1
  m_ReceiveShadows: 1
  m_DynamicOccludee: 1
  m_MotionVectors: 1
  m_LightProbeUsage: 1
  m_ReflectionProbeUsage: 1
  m_RayTracingMode: 2
  m_RayTraceProcedural: 0
  m_RenderingLayerMask: 1
  m_RendererPriority: 0
  m_Materials:
  - {fileID: 2100000, guid: 9d9506c5ddf6a3046a5c7e469da84756, type: 2}
  m_StaticBatchInfo:
    firstSubMesh: 0
    subMeshCount: 0
  m_StaticBatchRoot: {fileID: 0}
  m_ProbeAnchor: {fileID: 0}
  m_LightProbeVolumeOverride: {fileID: 0}
  m_ScaleInLightmap: 1
  m_ReceiveGI: 1
  m_PreserveUVs: 0
  m_IgnoreNormalsForChartDetection: 0
  m_ImportantGI: 0
  m_StitchLightmapSeams: 1
  m_SelectedEditorRenderState: 2
  m_MinimumChartSize: 4
  m_AutoUVMaxDistance: 0.5
  m_AutoUVMaxAngle: 89
  m_LightmapParameters: {fileID: 0}
  m_SortingLayerID: 0
  m_SortingLayer: 0
  m_SortingOrder: 0
  m_AdditionalVertexStreams: {fileID: 0}
--- !u!33 &6235712863499771924
MeshFilter:
  m_ObjectHideFlags: 0
  m_CorrespondingSourceObject: {fileID: 0}
  m_PrefabInstance: {fileID: 0}
  m_PrefabAsset: {fileID: 0}
  m_GameObject: {fileID: 6235712863499771915}
  m_Mesh: {fileID: 0}
--- !u!64 &6235712863499771925
MeshCollider:
  m_ObjectHideFlags: 0
  m_CorrespondingSourceObject: {fileID: 0}
  m_PrefabInstance: {fileID: 0}
  m_PrefabAsset: {fileID: 0}
  m_GameObject: {fileID: 6235712863499771915}
  m_Material: {fileID: 0}
  m_IsTrigger: 0
  m_Enabled: 0
  serializedVersion: 4
  m_Convex: 0
  m_CookingOptions: 30
  m_Mesh: {fileID: 0}
--- !u!1 &6235712863606434816
GameObject:
  m_ObjectHideFlags: 0
  m_CorrespondingSourceObject: {fileID: 0}
  m_PrefabInstance: {fileID: 0}
  m_PrefabAsset: {fileID: 0}
  serializedVersion: 6
  m_Component:
  - component: {fileID: 6235712863606434819}
  - component: {fileID: 6235712863606434831}
  - component: {fileID: 6235712863606434828}
  - component: {fileID: 6235712863606434829}
  - component: {fileID: 6235712863606434818}
  m_Layer: 0
  m_Name: Icosphere
  m_TagString: Untagged
  m_Icon: {fileID: 0}
  m_NavMeshLayer: 0
  m_StaticEditorFlags: 0
  m_IsActive: 1
--- !u!4 &6235712863606434819
Transform:
  m_ObjectHideFlags: 0
  m_CorrespondingSourceObject: {fileID: 0}
  m_PrefabInstance: {fileID: 0}
  m_PrefabAsset: {fileID: 0}
  m_GameObject: {fileID: 6235712863606434816}
  m_LocalRotation: {x: -0, y: -0, z: -0, w: 1}
  m_LocalPosition: {x: 0, y: 0.4, z: -0.29999992}
  m_LocalScale: {x: 1, y: 1, z: 1}
  m_Children: []
  m_Father: {fileID: 6235712863160532448}
  m_RootOrder: 1
  m_LocalEulerAnglesHint: {x: 0, y: 0, z: 0}
--- !u!114 &6235712863606434831
MonoBehaviour:
  m_ObjectHideFlags: 0
  m_CorrespondingSourceObject: {fileID: 0}
  m_PrefabInstance: {fileID: 0}
  m_PrefabAsset: {fileID: 0}
  m_GameObject: {fileID: 6235712863606434816}
  m_Enabled: 1
  m_EditorHideFlags: 0
  m_Script: {fileID: 11500000, guid: 8233d90336aea43098adf6dbabd606a2, type: 3}
  m_Name: 
  m_EditorClassIdentifier: 
  m_MeshFormatVersion: 1
  m_Faces:
  - m_Indexes: 000000000100000002000000
    m_SmoothingGroup: 0
    m_Uv:
      m_UseWorldSpace: 0
      m_FlipU: 0
      m_FlipV: 0
      m_SwapUV: 0
      m_Fill: 1
      m_Scale: {x: 1, y: 1}
      m_Offset: {x: 0, y: 0}
      m_Rotation: 0
      m_Anchor: 9
    m_Material: {fileID: 0}
    m_SubmeshIndex: 0
    m_ManualUV: 1
    elementGroup: -1
    m_TextureGroup: -1
  - m_Indexes: 030000000400000005000000
    m_SmoothingGroup: 0
    m_Uv:
      m_UseWorldSpace: 0
      m_FlipU: 0
      m_FlipV: 0
      m_SwapUV: 0
      m_Fill: 1
      m_Scale: {x: 1, y: 1}
      m_Offset: {x: 0, y: 0}
      m_Rotation: 0
      m_Anchor: 9
    m_Material: {fileID: 0}
    m_SubmeshIndex: 0
    m_ManualUV: 1
    elementGroup: -1
    m_TextureGroup: -1
  - m_Indexes: 060000000700000008000000
    m_SmoothingGroup: 0
    m_Uv:
      m_UseWorldSpace: 0
      m_FlipU: 0
      m_FlipV: 0
      m_SwapUV: 0
      m_Fill: 1
      m_Scale: {x: 1, y: 1}
      m_Offset: {x: 0, y: 0}
      m_Rotation: 0
      m_Anchor: 9
    m_Material: {fileID: 0}
    m_SubmeshIndex: 0
    m_ManualUV: 1
    elementGroup: -1
    m_TextureGroup: -1
  - m_Indexes: 090000000a0000000b000000
    m_SmoothingGroup: 0
    m_Uv:
      m_UseWorldSpace: 0
      m_FlipU: 0
      m_FlipV: 0
      m_SwapUV: 0
      m_Fill: 1
      m_Scale: {x: 1, y: 1}
      m_Offset: {x: 0, y: 0}
      m_Rotation: 0
      m_Anchor: 9
    m_Material: {fileID: 0}
    m_SubmeshIndex: 0
    m_ManualUV: 1
    elementGroup: -1
    m_TextureGroup: -1
  - m_Indexes: 0c0000000d0000000e000000
    m_SmoothingGroup: 0
    m_Uv:
      m_UseWorldSpace: 0
      m_FlipU: 0
      m_FlipV: 0
      m_SwapUV: 0
      m_Fill: 1
      m_Scale: {x: 1, y: 1}
      m_Offset: {x: 0, y: 0}
      m_Rotation: 0
      m_Anchor: 9
    m_Material: {fileID: 0}
    m_SubmeshIndex: 0
    m_ManualUV: 1
    elementGroup: -1
    m_TextureGroup: -1
  - m_Indexes: 0f0000001000000011000000
    m_SmoothingGroup: 0
    m_Uv:
      m_UseWorldSpace: 0
      m_FlipU: 0
      m_FlipV: 0
      m_SwapUV: 0
      m_Fill: 1
      m_Scale: {x: 1, y: 1}
      m_Offset: {x: 0, y: 0}
      m_Rotation: 0
      m_Anchor: 9
    m_Material: {fileID: 0}
    m_SubmeshIndex: 0
    m_ManualUV: 1
    elementGroup: -1
    m_TextureGroup: -1
  - m_Indexes: 120000001300000014000000
    m_SmoothingGroup: 0
    m_Uv:
      m_UseWorldSpace: 0
      m_FlipU: 0
      m_FlipV: 0
      m_SwapUV: 0
      m_Fill: 1
      m_Scale: {x: 1, y: 1}
      m_Offset: {x: 0, y: 0}
      m_Rotation: 0
      m_Anchor: 9
    m_Material: {fileID: 0}
    m_SubmeshIndex: 0
    m_ManualUV: 1
    elementGroup: -1
    m_TextureGroup: -1
  - m_Indexes: 150000001600000017000000
    m_SmoothingGroup: 0
    m_Uv:
      m_UseWorldSpace: 0
      m_FlipU: 0
      m_FlipV: 0
      m_SwapUV: 0
      m_Fill: 1
      m_Scale: {x: 1, y: 1}
      m_Offset: {x: 0, y: 0}
      m_Rotation: 0
      m_Anchor: 9
    m_Material: {fileID: 0}
    m_SubmeshIndex: 0
    m_ManualUV: 1
    elementGroup: -1
    m_TextureGroup: -1
  - m_Indexes: 18000000190000001a000000
    m_SmoothingGroup: 0
    m_Uv:
      m_UseWorldSpace: 0
      m_FlipU: 0
      m_FlipV: 0
      m_SwapUV: 0
      m_Fill: 1
      m_Scale: {x: 1, y: 1}
      m_Offset: {x: 0, y: 0}
      m_Rotation: 0
      m_Anchor: 9
    m_Material: {fileID: 0}
    m_SubmeshIndex: 0
    m_ManualUV: 1
    elementGroup: -1
    m_TextureGroup: -1
  - m_Indexes: 1b0000001c0000001d000000
    m_SmoothingGroup: 0
    m_Uv:
      m_UseWorldSpace: 0
      m_FlipU: 0
      m_FlipV: 0
      m_SwapUV: 0
      m_Fill: 1
      m_Scale: {x: 1, y: 1}
      m_Offset: {x: 0, y: 0}
      m_Rotation: 0
      m_Anchor: 9
    m_Material: {fileID: 0}
    m_SubmeshIndex: 0
    m_ManualUV: 1
    elementGroup: -1
    m_TextureGroup: -1
  - m_Indexes: 1e0000001f00000020000000
    m_SmoothingGroup: 0
    m_Uv:
      m_UseWorldSpace: 0
      m_FlipU: 0
      m_FlipV: 0
      m_SwapUV: 0
      m_Fill: 1
      m_Scale: {x: 1, y: 1}
      m_Offset: {x: 0, y: 0}
      m_Rotation: 0
      m_Anchor: 9
    m_Material: {fileID: 0}
    m_SubmeshIndex: 0
    m_ManualUV: 1
    elementGroup: -1
    m_TextureGroup: -1
  - m_Indexes: 210000002200000023000000
    m_SmoothingGroup: 0
    m_Uv:
      m_UseWorldSpace: 0
      m_FlipU: 0
      m_FlipV: 0
      m_SwapUV: 0
      m_Fill: 1
      m_Scale: {x: 1, y: 1}
      m_Offset: {x: 0, y: 0}
      m_Rotation: 0
      m_Anchor: 9
    m_Material: {fileID: 0}
    m_SubmeshIndex: 0
    m_ManualUV: 1
    elementGroup: -1
    m_TextureGroup: -1
  - m_Indexes: 240000002500000026000000
    m_SmoothingGroup: 0
    m_Uv:
      m_UseWorldSpace: 0
      m_FlipU: 0
      m_FlipV: 0
      m_SwapUV: 0
      m_Fill: 1
      m_Scale: {x: 1, y: 1}
      m_Offset: {x: 0, y: 0}
      m_Rotation: 0
      m_Anchor: 9
    m_Material: {fileID: 0}
    m_SubmeshIndex: 0
    m_ManualUV: 1
    elementGroup: -1
    m_TextureGroup: -1
  - m_Indexes: 270000002800000029000000
    m_SmoothingGroup: 0
    m_Uv:
      m_UseWorldSpace: 0
      m_FlipU: 0
      m_FlipV: 0
      m_SwapUV: 0
      m_Fill: 1
      m_Scale: {x: 1, y: 1}
      m_Offset: {x: 0, y: 0}
      m_Rotation: 0
      m_Anchor: 9
    m_Material: {fileID: 0}
    m_SubmeshIndex: 0
    m_ManualUV: 1
    elementGroup: -1
    m_TextureGroup: -1
  - m_Indexes: 2a0000002b0000002c000000
    m_SmoothingGroup: 0
    m_Uv:
      m_UseWorldSpace: 0
      m_FlipU: 0
      m_FlipV: 0
      m_SwapUV: 0
      m_Fill: 1
      m_Scale: {x: 1, y: 1}
      m_Offset: {x: 0, y: 0}
      m_Rotation: 0
      m_Anchor: 9
    m_Material: {fileID: 0}
    m_SubmeshIndex: 0
    m_ManualUV: 1
    elementGroup: -1
    m_TextureGroup: -1
  - m_Indexes: 2d0000002e0000002f000000
    m_SmoothingGroup: 0
    m_Uv:
      m_UseWorldSpace: 0
      m_FlipU: 0
      m_FlipV: 0
      m_SwapUV: 0
      m_Fill: 1
      m_Scale: {x: 1, y: 1}
      m_Offset: {x: 0, y: 0}
      m_Rotation: 0
      m_Anchor: 9
    m_Material: {fileID: 0}
    m_SubmeshIndex: 0
    m_ManualUV: 1
    elementGroup: -1
    m_TextureGroup: -1
  - m_Indexes: 300000003100000032000000
    m_SmoothingGroup: 0
    m_Uv:
      m_UseWorldSpace: 0
      m_FlipU: 0
      m_FlipV: 0
      m_SwapUV: 0
      m_Fill: 1
      m_Scale: {x: 1, y: 1}
      m_Offset: {x: 0, y: 0}
      m_Rotation: 0
      m_Anchor: 9
    m_Material: {fileID: 0}
    m_SubmeshIndex: 0
    m_ManualUV: 1
    elementGroup: -1
    m_TextureGroup: -1
  - m_Indexes: 330000003400000035000000
    m_SmoothingGroup: 0
    m_Uv:
      m_UseWorldSpace: 0
      m_FlipU: 0
      m_FlipV: 0
      m_SwapUV: 0
      m_Fill: 1
      m_Scale: {x: 1, y: 1}
      m_Offset: {x: 0, y: 0}
      m_Rotation: 0
      m_Anchor: 9
    m_Material: {fileID: 0}
    m_SubmeshIndex: 0
    m_ManualUV: 1
    elementGroup: -1
    m_TextureGroup: -1
  - m_Indexes: 360000003700000038000000
    m_SmoothingGroup: 0
    m_Uv:
      m_UseWorldSpace: 0
      m_FlipU: 0
      m_FlipV: 0
      m_SwapUV: 0
      m_Fill: 1
      m_Scale: {x: 1, y: 1}
      m_Offset: {x: 0, y: 0}
      m_Rotation: 0
      m_Anchor: 9
    m_Material: {fileID: 0}
    m_SubmeshIndex: 0
    m_ManualUV: 1
    elementGroup: -1
    m_TextureGroup: -1
  - m_Indexes: 390000003a0000003b000000
    m_SmoothingGroup: 0
    m_Uv:
      m_UseWorldSpace: 0
      m_FlipU: 0
      m_FlipV: 0
      m_SwapUV: 0
      m_Fill: 1
      m_Scale: {x: 1, y: 1}
      m_Offset: {x: 0, y: 0}
      m_Rotation: 0
      m_Anchor: 9
    m_Material: {fileID: 0}
    m_SubmeshIndex: 0
    m_ManualUV: 1
    elementGroup: -1
    m_TextureGroup: -1
  - m_Indexes: 3c0000003d0000003e000000
    m_SmoothingGroup: 0
    m_Uv:
      m_UseWorldSpace: 0
      m_FlipU: 0
      m_FlipV: 0
      m_SwapUV: 0
      m_Fill: 1
      m_Scale: {x: 1, y: 1}
      m_Offset: {x: 0, y: 0}
      m_Rotation: 0
      m_Anchor: 9
    m_Material: {fileID: 0}
    m_SubmeshIndex: 0
    m_ManualUV: 1
    elementGroup: -1
    m_TextureGroup: -1
  - m_Indexes: 3f0000004000000041000000
    m_SmoothingGroup: 0
    m_Uv:
      m_UseWorldSpace: 0
      m_FlipU: 0
      m_FlipV: 0
      m_SwapUV: 0
      m_Fill: 1
      m_Scale: {x: 1, y: 1}
      m_Offset: {x: 0, y: 0}
      m_Rotation: 0
      m_Anchor: 9
    m_Material: {fileID: 0}
    m_SubmeshIndex: 0
    m_ManualUV: 1
    elementGroup: -1
    m_TextureGroup: -1
  - m_Indexes: 420000004300000044000000
    m_SmoothingGroup: 0
    m_Uv:
      m_UseWorldSpace: 0
      m_FlipU: 0
      m_FlipV: 0
      m_SwapUV: 0
      m_Fill: 1
      m_Scale: {x: 1, y: 1}
      m_Offset: {x: 0, y: 0}
      m_Rotation: 0
      m_Anchor: 9
    m_Material: {fileID: 0}
    m_SubmeshIndex: 0
    m_ManualUV: 1
    elementGroup: -1
    m_TextureGroup: -1
  - m_Indexes: 450000004600000047000000
    m_SmoothingGroup: 0
    m_Uv:
      m_UseWorldSpace: 0
      m_FlipU: 0
      m_FlipV: 0
      m_SwapUV: 0
      m_Fill: 1
      m_Scale: {x: 1, y: 1}
      m_Offset: {x: 0, y: 0}
      m_Rotation: 0
      m_Anchor: 9
    m_Material: {fileID: 0}
    m_SubmeshIndex: 0
    m_ManualUV: 1
    elementGroup: -1
    m_TextureGroup: -1
  - m_Indexes: 48000000490000004a000000
    m_SmoothingGroup: 0
    m_Uv:
      m_UseWorldSpace: 0
      m_FlipU: 0
      m_FlipV: 0
      m_SwapUV: 0
      m_Fill: 1
      m_Scale: {x: 1, y: 1}
      m_Offset: {x: 0, y: 0}
      m_Rotation: 0
      m_Anchor: 9
    m_Material: {fileID: 0}
    m_SubmeshIndex: 0
    m_ManualUV: 1
    elementGroup: -1
    m_TextureGroup: -1
  - m_Indexes: 4b0000004c0000004d000000
    m_SmoothingGroup: 0
    m_Uv:
      m_UseWorldSpace: 0
      m_FlipU: 0
      m_FlipV: 0
      m_SwapUV: 0
      m_Fill: 1
      m_Scale: {x: 1, y: 1}
      m_Offset: {x: 0, y: 0}
      m_Rotation: 0
      m_Anchor: 9
    m_Material: {fileID: 0}
    m_SubmeshIndex: 0
    m_ManualUV: 1
    elementGroup: -1
    m_TextureGroup: -1
  - m_Indexes: 4e0000004f00000050000000
    m_SmoothingGroup: 0
    m_Uv:
      m_UseWorldSpace: 0
      m_FlipU: 0
      m_FlipV: 0
      m_SwapUV: 0
      m_Fill: 1
      m_Scale: {x: 1, y: 1}
      m_Offset: {x: 0, y: 0}
      m_Rotation: 0
      m_Anchor: 9
    m_Material: {fileID: 0}
    m_SubmeshIndex: 0
    m_ManualUV: 1
    elementGroup: -1
    m_TextureGroup: -1
  - m_Indexes: 510000005200000053000000
    m_SmoothingGroup: 0
    m_Uv:
      m_UseWorldSpace: 0
      m_FlipU: 0
      m_FlipV: 0
      m_SwapUV: 0
      m_Fill: 1
      m_Scale: {x: 1, y: 1}
      m_Offset: {x: 0, y: 0}
      m_Rotation: 0
      m_Anchor: 9
    m_Material: {fileID: 0}
    m_SubmeshIndex: 0
    m_ManualUV: 1
    elementGroup: -1
    m_TextureGroup: -1
  - m_Indexes: 540000005500000056000000
    m_SmoothingGroup: 0
    m_Uv:
      m_UseWorldSpace: 0
      m_FlipU: 0
      m_FlipV: 0
      m_SwapUV: 0
      m_Fill: 1
      m_Scale: {x: 1, y: 1}
      m_Offset: {x: 0, y: 0}
      m_Rotation: 0
      m_Anchor: 9
    m_Material: {fileID: 0}
    m_SubmeshIndex: 0
    m_ManualUV: 1
    elementGroup: -1
    m_TextureGroup: -1
  - m_Indexes: 570000005800000059000000
    m_SmoothingGroup: 0
    m_Uv:
      m_UseWorldSpace: 0
      m_FlipU: 0
      m_FlipV: 0
      m_SwapUV: 0
      m_Fill: 1
      m_Scale: {x: 1, y: 1}
      m_Offset: {x: 0, y: 0}
      m_Rotation: 0
      m_Anchor: 9
    m_Material: {fileID: 0}
    m_SubmeshIndex: 0
    m_ManualUV: 1
    elementGroup: -1
    m_TextureGroup: -1
  - m_Indexes: 5a0000005b0000005c000000
    m_SmoothingGroup: 0
    m_Uv:
      m_UseWorldSpace: 0
      m_FlipU: 0
      m_FlipV: 0
      m_SwapUV: 0
      m_Fill: 1
      m_Scale: {x: 1, y: 1}
      m_Offset: {x: 0, y: 0}
      m_Rotation: 0
      m_Anchor: 9
    m_Material: {fileID: 0}
    m_SubmeshIndex: 0
    m_ManualUV: 1
    elementGroup: -1
    m_TextureGroup: -1
  - m_Indexes: 5d0000005e0000005f000000
    m_SmoothingGroup: 0
    m_Uv:
      m_UseWorldSpace: 0
      m_FlipU: 0
      m_FlipV: 0
      m_SwapUV: 0
      m_Fill: 1
      m_Scale: {x: 1, y: 1}
      m_Offset: {x: 0, y: 0}
      m_Rotation: 0
      m_Anchor: 9
    m_Material: {fileID: 0}
    m_SubmeshIndex: 0
    m_ManualUV: 1
    elementGroup: -1
    m_TextureGroup: -1
  - m_Indexes: 600000006100000062000000
    m_SmoothingGroup: 0
    m_Uv:
      m_UseWorldSpace: 0
      m_FlipU: 0
      m_FlipV: 0
      m_SwapUV: 0
      m_Fill: 1
      m_Scale: {x: 1, y: 1}
      m_Offset: {x: 0, y: 0}
      m_Rotation: 0
      m_Anchor: 9
    m_Material: {fileID: 0}
    m_SubmeshIndex: 0
    m_ManualUV: 1
    elementGroup: -1
    m_TextureGroup: -1
  - m_Indexes: 630000006400000065000000
    m_SmoothingGroup: 0
    m_Uv:
      m_UseWorldSpace: 0
      m_FlipU: 0
      m_FlipV: 0
      m_SwapUV: 0
      m_Fill: 1
      m_Scale: {x: 1, y: 1}
      m_Offset: {x: 0, y: 0}
      m_Rotation: 0
      m_Anchor: 9
    m_Material: {fileID: 0}
    m_SubmeshIndex: 0
    m_ManualUV: 1
    elementGroup: -1
    m_TextureGroup: -1
  - m_Indexes: 660000006700000068000000
    m_SmoothingGroup: 0
    m_Uv:
      m_UseWorldSpace: 0
      m_FlipU: 0
      m_FlipV: 0
      m_SwapUV: 0
      m_Fill: 1
      m_Scale: {x: 1, y: 1}
      m_Offset: {x: 0, y: 0}
      m_Rotation: 0
      m_Anchor: 9
    m_Material: {fileID: 0}
    m_SubmeshIndex: 0
    m_ManualUV: 1
    elementGroup: -1
    m_TextureGroup: -1
  - m_Indexes: 690000006a0000006b000000
    m_SmoothingGroup: 0
    m_Uv:
      m_UseWorldSpace: 0
      m_FlipU: 0
      m_FlipV: 0
      m_SwapUV: 0
      m_Fill: 1
      m_Scale: {x: 1, y: 1}
      m_Offset: {x: 0, y: 0}
      m_Rotation: 0
      m_Anchor: 9
    m_Material: {fileID: 0}
    m_SubmeshIndex: 0
    m_ManualUV: 1
    elementGroup: -1
    m_TextureGroup: -1
  - m_Indexes: 6c0000006d0000006e000000
    m_SmoothingGroup: 0
    m_Uv:
      m_UseWorldSpace: 0
      m_FlipU: 0
      m_FlipV: 0
      m_SwapUV: 0
      m_Fill: 1
      m_Scale: {x: 1, y: 1}
      m_Offset: {x: 0, y: 0}
      m_Rotation: 0
      m_Anchor: 9
    m_Material: {fileID: 0}
    m_SubmeshIndex: 0
    m_ManualUV: 1
    elementGroup: -1
    m_TextureGroup: -1
  - m_Indexes: 6f0000007000000071000000
    m_SmoothingGroup: 0
    m_Uv:
      m_UseWorldSpace: 0
      m_FlipU: 0
      m_FlipV: 0
      m_SwapUV: 0
      m_Fill: 1
      m_Scale: {x: 1, y: 1}
      m_Offset: {x: 0, y: 0}
      m_Rotation: 0
      m_Anchor: 9
    m_Material: {fileID: 0}
    m_SubmeshIndex: 0
    m_ManualUV: 1
    elementGroup: -1
    m_TextureGroup: -1
  - m_Indexes: 720000007300000074000000
    m_SmoothingGroup: 0
    m_Uv:
      m_UseWorldSpace: 0
      m_FlipU: 0
      m_FlipV: 0
      m_SwapUV: 0
      m_Fill: 1
      m_Scale: {x: 1, y: 1}
      m_Offset: {x: 0, y: 0}
      m_Rotation: 0
      m_Anchor: 9
    m_Material: {fileID: 0}
    m_SubmeshIndex: 0
    m_ManualUV: 1
    elementGroup: -1
    m_TextureGroup: -1
  - m_Indexes: 750000007600000077000000
    m_SmoothingGroup: 0
    m_Uv:
      m_UseWorldSpace: 0
      m_FlipU: 0
      m_FlipV: 0
      m_SwapUV: 0
      m_Fill: 1
      m_Scale: {x: 1, y: 1}
      m_Offset: {x: 0, y: 0}
      m_Rotation: 0
      m_Anchor: 9
    m_Material: {fileID: 0}
    m_SubmeshIndex: 0
    m_ManualUV: 1
    elementGroup: -1
    m_TextureGroup: -1
  - m_Indexes: 78000000790000007a000000
    m_SmoothingGroup: 0
    m_Uv:
      m_UseWorldSpace: 0
      m_FlipU: 0
      m_FlipV: 0
      m_SwapUV: 0
      m_Fill: 1
      m_Scale: {x: 1, y: 1}
      m_Offset: {x: 0, y: 0}
      m_Rotation: 0
      m_Anchor: 9
    m_Material: {fileID: 0}
    m_SubmeshIndex: 0
    m_ManualUV: 1
    elementGroup: -1
    m_TextureGroup: -1
  - m_Indexes: 7b0000007c0000007d000000
    m_SmoothingGroup: 0
    m_Uv:
      m_UseWorldSpace: 0
      m_FlipU: 0
      m_FlipV: 0
      m_SwapUV: 0
      m_Fill: 1
      m_Scale: {x: 1, y: 1}
      m_Offset: {x: 0, y: 0}
      m_Rotation: 0
      m_Anchor: 9
    m_Material: {fileID: 0}
    m_SubmeshIndex: 0
    m_ManualUV: 1
    elementGroup: -1
    m_TextureGroup: -1
  - m_Indexes: 7e0000007f00000080000000
    m_SmoothingGroup: 0
    m_Uv:
      m_UseWorldSpace: 0
      m_FlipU: 0
      m_FlipV: 0
      m_SwapUV: 0
      m_Fill: 1
      m_Scale: {x: 1, y: 1}
      m_Offset: {x: 0, y: 0}
      m_Rotation: 0
      m_Anchor: 9
    m_Material: {fileID: 0}
    m_SubmeshIndex: 0
    m_ManualUV: 1
    elementGroup: -1
    m_TextureGroup: -1
  - m_Indexes: 810000008200000083000000
    m_SmoothingGroup: 0
    m_Uv:
      m_UseWorldSpace: 0
      m_FlipU: 0
      m_FlipV: 0
      m_SwapUV: 0
      m_Fill: 1
      m_Scale: {x: 1, y: 1}
      m_Offset: {x: 0, y: 0}
      m_Rotation: 0
      m_Anchor: 9
    m_Material: {fileID: 0}
    m_SubmeshIndex: 0
    m_ManualUV: 1
    elementGroup: -1
    m_TextureGroup: -1
  - m_Indexes: 840000008500000086000000
    m_SmoothingGroup: 0
    m_Uv:
      m_UseWorldSpace: 0
      m_FlipU: 0
      m_FlipV: 0
      m_SwapUV: 0
      m_Fill: 1
      m_Scale: {x: 1, y: 1}
      m_Offset: {x: 0, y: 0}
      m_Rotation: 0
      m_Anchor: 9
    m_Material: {fileID: 0}
    m_SubmeshIndex: 0
    m_ManualUV: 1
    elementGroup: -1
    m_TextureGroup: -1
  - m_Indexes: 870000008800000089000000
    m_SmoothingGroup: 0
    m_Uv:
      m_UseWorldSpace: 0
      m_FlipU: 0
      m_FlipV: 0
      m_SwapUV: 0
      m_Fill: 1
      m_Scale: {x: 1, y: 1}
      m_Offset: {x: 0, y: 0}
      m_Rotation: 0
      m_Anchor: 9
    m_Material: {fileID: 0}
    m_SubmeshIndex: 0
    m_ManualUV: 1
    elementGroup: -1
    m_TextureGroup: -1
  - m_Indexes: 8a0000008b0000008c000000
    m_SmoothingGroup: 0
    m_Uv:
      m_UseWorldSpace: 0
      m_FlipU: 0
      m_FlipV: 0
      m_SwapUV: 0
      m_Fill: 1
      m_Scale: {x: 1, y: 1}
      m_Offset: {x: 0, y: 0}
      m_Rotation: 0
      m_Anchor: 9
    m_Material: {fileID: 0}
    m_SubmeshIndex: 0
    m_ManualUV: 1
    elementGroup: -1
    m_TextureGroup: -1
  - m_Indexes: 8d0000008e0000008f000000
    m_SmoothingGroup: 0
    m_Uv:
      m_UseWorldSpace: 0
      m_FlipU: 0
      m_FlipV: 0
      m_SwapUV: 0
      m_Fill: 1
      m_Scale: {x: 1, y: 1}
      m_Offset: {x: 0, y: 0}
      m_Rotation: 0
      m_Anchor: 9
    m_Material: {fileID: 0}
    m_SubmeshIndex: 0
    m_ManualUV: 1
    elementGroup: -1
    m_TextureGroup: -1
  - m_Indexes: 900000009100000092000000
    m_SmoothingGroup: 0
    m_Uv:
      m_UseWorldSpace: 0
      m_FlipU: 0
      m_FlipV: 0
      m_SwapUV: 0
      m_Fill: 1
      m_Scale: {x: 1, y: 1}
      m_Offset: {x: 0, y: 0}
      m_Rotation: 0
      m_Anchor: 9
    m_Material: {fileID: 0}
    m_SubmeshIndex: 0
    m_ManualUV: 1
    elementGroup: -1
    m_TextureGroup: -1
  - m_Indexes: 930000009400000095000000
    m_SmoothingGroup: 0
    m_Uv:
      m_UseWorldSpace: 0
      m_FlipU: 0
      m_FlipV: 0
      m_SwapUV: 0
      m_Fill: 1
      m_Scale: {x: 1, y: 1}
      m_Offset: {x: 0, y: 0}
      m_Rotation: 0
      m_Anchor: 9
    m_Material: {fileID: 0}
    m_SubmeshIndex: 0
    m_ManualUV: 1
    elementGroup: -1
    m_TextureGroup: -1
  - m_Indexes: 960000009700000098000000
    m_SmoothingGroup: 0
    m_Uv:
      m_UseWorldSpace: 0
      m_FlipU: 0
      m_FlipV: 0
      m_SwapUV: 0
      m_Fill: 1
      m_Scale: {x: 1, y: 1}
      m_Offset: {x: 0, y: 0}
      m_Rotation: 0
      m_Anchor: 9
    m_Material: {fileID: 0}
    m_SubmeshIndex: 0
    m_ManualUV: 1
    elementGroup: -1
    m_TextureGroup: -1
  - m_Indexes: 990000009a0000009b000000
    m_SmoothingGroup: 0
    m_Uv:
      m_UseWorldSpace: 0
      m_FlipU: 0
      m_FlipV: 0
      m_SwapUV: 0
      m_Fill: 1
      m_Scale: {x: 1, y: 1}
      m_Offset: {x: 0, y: 0}
      m_Rotation: 0
      m_Anchor: 9
    m_Material: {fileID: 0}
    m_SubmeshIndex: 0
    m_ManualUV: 1
    elementGroup: -1
    m_TextureGroup: -1
  - m_Indexes: 9c0000009d0000009e000000
    m_SmoothingGroup: 0
    m_Uv:
      m_UseWorldSpace: 0
      m_FlipU: 0
      m_FlipV: 0
      m_SwapUV: 0
      m_Fill: 1
      m_Scale: {x: 1, y: 1}
      m_Offset: {x: 0, y: 0}
      m_Rotation: 0
      m_Anchor: 9
    m_Material: {fileID: 0}
    m_SubmeshIndex: 0
    m_ManualUV: 1
    elementGroup: -1
    m_TextureGroup: -1
  - m_Indexes: 9f000000a0000000a1000000
    m_SmoothingGroup: 0
    m_Uv:
      m_UseWorldSpace: 0
      m_FlipU: 0
      m_FlipV: 0
      m_SwapUV: 0
      m_Fill: 1
      m_Scale: {x: 1, y: 1}
      m_Offset: {x: 0, y: 0}
      m_Rotation: 0
      m_Anchor: 9
    m_Material: {fileID: 0}
    m_SubmeshIndex: 0
    m_ManualUV: 1
    elementGroup: -1
    m_TextureGroup: -1
  - m_Indexes: a2000000a3000000a4000000
    m_SmoothingGroup: 0
    m_Uv:
      m_UseWorldSpace: 0
      m_FlipU: 0
      m_FlipV: 0
      m_SwapUV: 0
      m_Fill: 1
      m_Scale: {x: 1, y: 1}
      m_Offset: {x: 0, y: 0}
      m_Rotation: 0
      m_Anchor: 9
    m_Material: {fileID: 0}
    m_SubmeshIndex: 0
    m_ManualUV: 1
    elementGroup: -1
    m_TextureGroup: -1
  - m_Indexes: a5000000a6000000a7000000
    m_SmoothingGroup: 0
    m_Uv:
      m_UseWorldSpace: 0
      m_FlipU: 0
      m_FlipV: 0
      m_SwapUV: 0
      m_Fill: 1
      m_Scale: {x: 1, y: 1}
      m_Offset: {x: 0, y: 0}
      m_Rotation: 0
      m_Anchor: 9
    m_Material: {fileID: 0}
    m_SubmeshIndex: 0
    m_ManualUV: 1
    elementGroup: -1
    m_TextureGroup: -1
  - m_Indexes: a8000000a9000000aa000000
    m_SmoothingGroup: 0
    m_Uv:
      m_UseWorldSpace: 0
      m_FlipU: 0
      m_FlipV: 0
      m_SwapUV: 0
      m_Fill: 1
      m_Scale: {x: 1, y: 1}
      m_Offset: {x: 0, y: 0}
      m_Rotation: 0
      m_Anchor: 9
    m_Material: {fileID: 0}
    m_SubmeshIndex: 0
    m_ManualUV: 1
    elementGroup: -1
    m_TextureGroup: -1
  - m_Indexes: ab000000ac000000ad000000
    m_SmoothingGroup: 0
    m_Uv:
      m_UseWorldSpace: 0
      m_FlipU: 0
      m_FlipV: 0
      m_SwapUV: 0
      m_Fill: 1
      m_Scale: {x: 1, y: 1}
      m_Offset: {x: 0, y: 0}
      m_Rotation: 0
      m_Anchor: 9
    m_Material: {fileID: 0}
    m_SubmeshIndex: 0
    m_ManualUV: 1
    elementGroup: -1
    m_TextureGroup: -1
  - m_Indexes: ae000000af000000b0000000
    m_SmoothingGroup: 0
    m_Uv:
      m_UseWorldSpace: 0
      m_FlipU: 0
      m_FlipV: 0
      m_SwapUV: 0
      m_Fill: 1
      m_Scale: {x: 1, y: 1}
      m_Offset: {x: 0, y: 0}
      m_Rotation: 0
      m_Anchor: 9
    m_Material: {fileID: 0}
    m_SubmeshIndex: 0
    m_ManualUV: 1
    elementGroup: -1
    m_TextureGroup: -1
  - m_Indexes: b1000000b2000000b3000000
    m_SmoothingGroup: 0
    m_Uv:
      m_UseWorldSpace: 0
      m_FlipU: 0
      m_FlipV: 0
      m_SwapUV: 0
      m_Fill: 1
      m_Scale: {x: 1, y: 1}
      m_Offset: {x: 0, y: 0}
      m_Rotation: 0
      m_Anchor: 9
    m_Material: {fileID: 0}
    m_SubmeshIndex: 0
    m_ManualUV: 1
    elementGroup: -1
    m_TextureGroup: -1
  - m_Indexes: b4000000b5000000b6000000
    m_SmoothingGroup: 0
    m_Uv:
      m_UseWorldSpace: 0
      m_FlipU: 0
      m_FlipV: 0
      m_SwapUV: 0
      m_Fill: 1
      m_Scale: {x: 1, y: 1}
      m_Offset: {x: 0, y: 0}
      m_Rotation: 0
      m_Anchor: 9
    m_Material: {fileID: 0}
    m_SubmeshIndex: 0
    m_ManualUV: 1
    elementGroup: -1
    m_TextureGroup: -1
  - m_Indexes: b7000000b8000000b9000000
    m_SmoothingGroup: 0
    m_Uv:
      m_UseWorldSpace: 0
      m_FlipU: 0
      m_FlipV: 0
      m_SwapUV: 0
      m_Fill: 1
      m_Scale: {x: 1, y: 1}
      m_Offset: {x: 0, y: 0}
      m_Rotation: 0
      m_Anchor: 9
    m_Material: {fileID: 0}
    m_SubmeshIndex: 0
    m_ManualUV: 1
    elementGroup: -1
    m_TextureGroup: -1
  - m_Indexes: ba000000bb000000bc000000
    m_SmoothingGroup: 0
    m_Uv:
      m_UseWorldSpace: 0
      m_FlipU: 0
      m_FlipV: 0
      m_SwapUV: 0
      m_Fill: 1
      m_Scale: {x: 1, y: 1}
      m_Offset: {x: 0, y: 0}
      m_Rotation: 0
      m_Anchor: 9
    m_Material: {fileID: 0}
    m_SubmeshIndex: 0
    m_ManualUV: 1
    elementGroup: -1
    m_TextureGroup: -1
  - m_Indexes: bd000000be000000bf000000
    m_SmoothingGroup: 0
    m_Uv:
      m_UseWorldSpace: 0
      m_FlipU: 0
      m_FlipV: 0
      m_SwapUV: 0
      m_Fill: 1
      m_Scale: {x: 1, y: 1}
      m_Offset: {x: 0, y: 0}
      m_Rotation: 0
      m_Anchor: 9
    m_Material: {fileID: 0}
    m_SubmeshIndex: 0
    m_ManualUV: 1
    elementGroup: -1
    m_TextureGroup: -1
  - m_Indexes: c0000000c1000000c2000000
    m_SmoothingGroup: 0
    m_Uv:
      m_UseWorldSpace: 0
      m_FlipU: 0
      m_FlipV: 0
      m_SwapUV: 0
      m_Fill: 1
      m_Scale: {x: 1, y: 1}
      m_Offset: {x: 0, y: 0}
      m_Rotation: 0
      m_Anchor: 9
    m_Material: {fileID: 0}
    m_SubmeshIndex: 0
    m_ManualUV: 1
    elementGroup: -1
    m_TextureGroup: -1
  - m_Indexes: c3000000c4000000c5000000
    m_SmoothingGroup: 0
    m_Uv:
      m_UseWorldSpace: 0
      m_FlipU: 0
      m_FlipV: 0
      m_SwapUV: 0
      m_Fill: 1
      m_Scale: {x: 1, y: 1}
      m_Offset: {x: 0, y: 0}
      m_Rotation: 0
      m_Anchor: 9
    m_Material: {fileID: 0}
    m_SubmeshIndex: 0
    m_ManualUV: 1
    elementGroup: -1
    m_TextureGroup: -1
  - m_Indexes: c6000000c7000000c8000000
    m_SmoothingGroup: 0
    m_Uv:
      m_UseWorldSpace: 0
      m_FlipU: 0
      m_FlipV: 0
      m_SwapUV: 0
      m_Fill: 1
      m_Scale: {x: 1, y: 1}
      m_Offset: {x: 0, y: 0}
      m_Rotation: 0
      m_Anchor: 9
    m_Material: {fileID: 0}
    m_SubmeshIndex: 0
    m_ManualUV: 1
    elementGroup: -1
    m_TextureGroup: -1
  - m_Indexes: c9000000ca000000cb000000
    m_SmoothingGroup: 0
    m_Uv:
      m_UseWorldSpace: 0
      m_FlipU: 0
      m_FlipV: 0
      m_SwapUV: 0
      m_Fill: 1
      m_Scale: {x: 1, y: 1}
      m_Offset: {x: 0, y: 0}
      m_Rotation: 0
      m_Anchor: 9
    m_Material: {fileID: 0}
    m_SubmeshIndex: 0
    m_ManualUV: 1
    elementGroup: -1
    m_TextureGroup: -1
  - m_Indexes: cc000000cd000000ce000000
    m_SmoothingGroup: 0
    m_Uv:
      m_UseWorldSpace: 0
      m_FlipU: 0
      m_FlipV: 0
      m_SwapUV: 0
      m_Fill: 1
      m_Scale: {x: 1, y: 1}
      m_Offset: {x: 0, y: 0}
      m_Rotation: 0
      m_Anchor: 9
    m_Material: {fileID: 0}
    m_SubmeshIndex: 0
    m_ManualUV: 1
    elementGroup: -1
    m_TextureGroup: -1
  - m_Indexes: cf000000d0000000d1000000
    m_SmoothingGroup: 0
    m_Uv:
      m_UseWorldSpace: 0
      m_FlipU: 0
      m_FlipV: 0
      m_SwapUV: 0
      m_Fill: 1
      m_Scale: {x: 1, y: 1}
      m_Offset: {x: 0, y: 0}
      m_Rotation: 0
      m_Anchor: 9
    m_Material: {fileID: 0}
    m_SubmeshIndex: 0
    m_ManualUV: 1
    elementGroup: -1
    m_TextureGroup: -1
  - m_Indexes: d2000000d3000000d4000000
    m_SmoothingGroup: 0
    m_Uv:
      m_UseWorldSpace: 0
      m_FlipU: 0
      m_FlipV: 0
      m_SwapUV: 0
      m_Fill: 1
      m_Scale: {x: 1, y: 1}
      m_Offset: {x: 0, y: 0}
      m_Rotation: 0
      m_Anchor: 9
    m_Material: {fileID: 0}
    m_SubmeshIndex: 0
    m_ManualUV: 1
    elementGroup: -1
    m_TextureGroup: -1
  - m_Indexes: d5000000d6000000d7000000
    m_SmoothingGroup: 0
    m_Uv:
      m_UseWorldSpace: 0
      m_FlipU: 0
      m_FlipV: 0
      m_SwapUV: 0
      m_Fill: 1
      m_Scale: {x: 1, y: 1}
      m_Offset: {x: 0, y: 0}
      m_Rotation: 0
      m_Anchor: 9
    m_Material: {fileID: 0}
    m_SubmeshIndex: 0
    m_ManualUV: 1
    elementGroup: -1
    m_TextureGroup: -1
  - m_Indexes: d8000000d9000000da000000
    m_SmoothingGroup: 0
    m_Uv:
      m_UseWorldSpace: 0
      m_FlipU: 0
      m_FlipV: 0
      m_SwapUV: 0
      m_Fill: 1
      m_Scale: {x: 1, y: 1}
      m_Offset: {x: 0, y: 0}
      m_Rotation: 0
      m_Anchor: 9
    m_Material: {fileID: 0}
    m_SubmeshIndex: 0
    m_ManualUV: 1
    elementGroup: -1
    m_TextureGroup: -1
  - m_Indexes: db000000dc000000dd000000
    m_SmoothingGroup: 0
    m_Uv:
      m_UseWorldSpace: 0
      m_FlipU: 0
      m_FlipV: 0
      m_SwapUV: 0
      m_Fill: 1
      m_Scale: {x: 1, y: 1}
      m_Offset: {x: 0, y: 0}
      m_Rotation: 0
      m_Anchor: 9
    m_Material: {fileID: 0}
    m_SubmeshIndex: 0
    m_ManualUV: 1
    elementGroup: -1
    m_TextureGroup: -1
  - m_Indexes: de000000df000000e0000000
    m_SmoothingGroup: 0
    m_Uv:
      m_UseWorldSpace: 0
      m_FlipU: 0
      m_FlipV: 0
      m_SwapUV: 0
      m_Fill: 1
      m_Scale: {x: 1, y: 1}
      m_Offset: {x: 0, y: 0}
      m_Rotation: 0
      m_Anchor: 9
    m_Material: {fileID: 0}
    m_SubmeshIndex: 0
    m_ManualUV: 1
    elementGroup: -1
    m_TextureGroup: -1
  - m_Indexes: e1000000e2000000e3000000
    m_SmoothingGroup: 0
    m_Uv:
      m_UseWorldSpace: 0
      m_FlipU: 0
      m_FlipV: 0
      m_SwapUV: 0
      m_Fill: 1
      m_Scale: {x: 1, y: 1}
      m_Offset: {x: 0, y: 0}
      m_Rotation: 0
      m_Anchor: 9
    m_Material: {fileID: 0}
    m_SubmeshIndex: 0
    m_ManualUV: 1
    elementGroup: -1
    m_TextureGroup: -1
  - m_Indexes: e4000000e5000000e6000000
    m_SmoothingGroup: 0
    m_Uv:
      m_UseWorldSpace: 0
      m_FlipU: 0
      m_FlipV: 0
      m_SwapUV: 0
      m_Fill: 1
      m_Scale: {x: 1, y: 1}
      m_Offset: {x: 0, y: 0}
      m_Rotation: 0
      m_Anchor: 9
    m_Material: {fileID: 0}
    m_SubmeshIndex: 0
    m_ManualUV: 1
    elementGroup: -1
    m_TextureGroup: -1
  - m_Indexes: e7000000e8000000e9000000
    m_SmoothingGroup: 0
    m_Uv:
      m_UseWorldSpace: 0
      m_FlipU: 0
      m_FlipV: 0
      m_SwapUV: 0
      m_Fill: 1
      m_Scale: {x: 1, y: 1}
      m_Offset: {x: 0, y: 0}
      m_Rotation: 0
      m_Anchor: 9
    m_Material: {fileID: 0}
    m_SubmeshIndex: 0
    m_ManualUV: 1
    elementGroup: -1
    m_TextureGroup: -1
  - m_Indexes: ea000000eb000000ec000000
    m_SmoothingGroup: 0
    m_Uv:
      m_UseWorldSpace: 0
      m_FlipU: 0
      m_FlipV: 0
      m_SwapUV: 0
      m_Fill: 1
      m_Scale: {x: 1, y: 1}
      m_Offset: {x: 0, y: 0}
      m_Rotation: 0
      m_Anchor: 9
    m_Material: {fileID: 0}
    m_SubmeshIndex: 0
    m_ManualUV: 1
    elementGroup: -1
    m_TextureGroup: -1
  - m_Indexes: ed000000ee000000ef000000
    m_SmoothingGroup: 0
    m_Uv:
      m_UseWorldSpace: 0
      m_FlipU: 0
      m_FlipV: 0
      m_SwapUV: 0
      m_Fill: 1
      m_Scale: {x: 1, y: 1}
      m_Offset: {x: 0, y: 0}
      m_Rotation: 0
      m_Anchor: 9
    m_Material: {fileID: 0}
    m_SubmeshIndex: 0
    m_ManualUV: 1
    elementGroup: -1
    m_TextureGroup: -1
  m_SharedVertices:
  - m_Vertices: 000000000c000000180000002400000030000000
  - m_Vertices: 010000000300000006000000320000003800000039000000
  - m_Vertices: 0200000008000000090000000d0000000f00000012000000
  - m_Vertices: 040000003b0000004c00000054000000cb000000
  - m_Vertices: 05000000070000000a000000490000004b0000004e000000
  - m_Vertices: 0b000000100000004000000048000000bf000000
  - m_Vertices: 0e0000001400000015000000190000001b0000001e000000
  - m_Vertices: 1100000013000000160000003d0000003f00000042000000
  - m_Vertices: 170000001c0000003c00000070000000ef000000
  - m_Vertices: 1a000000200000002100000025000000270000002a000000
  - m_Vertices: 1d0000001f000000220000006d0000006f00000072000000
  - m_Vertices: 2300000028000000640000006c000000e3000000
  - m_Vertices: 260000002c0000002d000000310000003300000036000000
  - m_Vertices: 290000002b0000002e000000610000006300000066000000
  - m_Vertices: 2f000000340000005800000060000000d7000000
  - m_Vertices: 35000000370000003a00000055000000570000005a000000
  - m_Vertices: 3e0000004400000045000000e6000000ec000000ed000000
  - m_Vertices: 410000004300000046000000b9000000bb000000be000000
  - m_Vertices: 470000007c000000b3000000b8000000e4000000
  - m_Vertices: 4a0000005000000051000000b6000000bc000000bd000000
  - m_Vertices: 4d0000004f00000052000000c5000000c7000000ca000000
  - m_Vertices: 530000008300000088000000b4000000c4000000
  - m_Vertices: 560000005c0000005d000000c2000000c8000000c9000000
  - m_Vertices: 590000005b0000005e000000d1000000d3000000d6000000
  - m_Vertices: 5f0000008f00000094000000c0000000d0000000
  - m_Vertices: 620000006800000069000000ce000000d4000000d5000000
  - m_Vertices: 65000000670000006a000000dd000000df000000e2000000
  - m_Vertices: 6b0000009b000000a0000000cc000000dc000000
  - m_Vertices: 6e0000007400000075000000da000000e0000000e1000000
  - m_Vertices: 710000007300000076000000e9000000eb000000ee000000
  - m_Vertices: 77000000a7000000ac000000d8000000e8000000
  - m_Vertices: 7800000084000000900000009c000000a8000000
  - m_Vertices: 790000007b0000007e000000aa000000b0000000b1000000
  - m_Vertices: 7a000000800000008100000085000000870000008a000000
  - m_Vertices: 7d0000007f00000082000000b5000000b7000000ba000000
  - m_Vertices: 860000008c0000008d000000910000009300000096000000
  - m_Vertices: 890000008b0000008e000000c1000000c3000000c6000000
  - m_Vertices: 9200000098000000990000009d0000009f000000a2000000
  - m_Vertices: 95000000970000009a000000cd000000cf000000d2000000
  - m_Vertices: 9e000000a4000000a5000000a9000000ab000000ae000000
  - m_Vertices: a1000000a3000000a6000000d9000000db000000de000000
  - m_Vertices: ad000000af000000b2000000e5000000e7000000ea000000
  m_SharedTextures: []
  m_Positions:
  - {x: -0.05257311, y: 0.18506509, z: 0}
  - {x: -0.080901705, y: 0.15, z: 0.0309017}
  - {x: -0.0309017, y: 0.1809017, z: 0.05}
  - {x: -0.080901705, y: 0.15, z: 0.0309017}
  - {x: -0.08506508, y: 0.1, z: 0.05257311}
  - {x: -0.05, y: 0.1309017, z: 0.080901705}
  - {x: -0.080901705, y: 0.15, z: 0.0309017}
  - {x: -0.05, y: 0.1309017, z: 0.080901705}
  - {x: -0.0309017, y: 0.1809017, z: 0.05}
  - {x: -0.0309017, y: 0.1809017, z: 0.05}
  - {x: -0.05, y: 0.1309017, z: 0.080901705}
  - {x: 0, y: 0.15257311, z: 0.08506508}
  - {x: -0.05257311, y: 0.18506509, z: 0}
  - {x: -0.0309017, y: 0.1809017, z: 0.05}
  - {x: 0, y: 0.2, z: 0}
  - {x: -0.0309017, y: 0.1809017, z: 0.05}
  - {x: 0, y: 0.15257311, z: 0.08506508}
  - {x: 0.0309017, y: 0.1809017, z: 0.05}
  - {x: -0.0309017, y: 0.1809017, z: 0.05}
  - {x: 0.0309017, y: 0.1809017, z: 0.05}
  - {x: 0, y: 0.2, z: 0}
  - {x: 0, y: 0.2, z: 0}
  - {x: 0.0309017, y: 0.1809017, z: 0.05}
  - {x: 0.05257311, y: 0.18506509, z: 0}
  - {x: -0.05257311, y: 0.18506509, z: 0}
  - {x: 0, y: 0.2, z: 0}
  - {x: -0.0309017, y: 0.1809017, z: -0.05}
  - {x: 0, y: 0.2, z: 0}
  - {x: 0.05257311, y: 0.18506509, z: 0}
  - {x: 0.0309017, y: 0.1809017, z: -0.05}
  - {x: 0, y: 0.2, z: 0}
  - {x: 0.0309017, y: 0.1809017, z: -0.05}
  - {x: -0.0309017, y: 0.1809017, z: -0.05}
  - {x: -0.0309017, y: 0.1809017, z: -0.05}
  - {x: 0.0309017, y: 0.1809017, z: -0.05}
  - {x: 0, y: 0.15257311, z: -0.08506508}
  - {x: -0.05257311, y: 0.18506509, z: 0}
  - {x: -0.0309017, y: 0.1809017, z: -0.05}
  - {x: -0.080901705, y: 0.15, z: -0.0309017}
  - {x: -0.0309017, y: 0.1809017, z: -0.05}
  - {x: 0, y: 0.15257311, z: -0.08506508}
  - {x: -0.05, y: 0.1309017, z: -0.080901705}
  - {x: -0.0309017, y: 0.1809017, z: -0.05}
  - {x: -0.05, y: 0.1309017, z: -0.080901705}
  - {x: -0.080901705, y: 0.15, z: -0.0309017}
  - {x: -0.080901705, y: 0.15, z: -0.0309017}
  - {x: -0.05, y: 0.1309017, z: -0.080901705}
  - {x: -0.08506508, y: 0.1, z: -0.05257311}
  - {x: -0.05257311, y: 0.18506509, z: 0}
  - {x: -0.080901705, y: 0.15, z: -0.0309017}
  - {x: -0.080901705, y: 0.15, z: 0.0309017}
  - {x: -0.080901705, y: 0.15, z: -0.0309017}
  - {x: -0.08506508, y: 0.1, z: -0.05257311}
  - {x: -0.1, y: 0.1, z: 0}
  - {x: -0.080901705, y: 0.15, z: -0.0309017}
  - {x: -0.1, y: 0.1, z: 0}
  - {x: -0.080901705, y: 0.15, z: 0.0309017}
  - {x: -0.080901705, y: 0.15, z: 0.0309017}
  - {x: -0.1, y: 0.1, z: 0}
  - {x: -0.08506508, y: 0.1, z: 0.05257311}
  - {x: 0.05257311, y: 0.18506509, z: 0}
  - {x: 0.0309017, y: 0.1809017, z: 0.05}
  - {x: 0.080901705, y: 0.15, z: 0.0309017}
  - {x: 0.0309017, y: 0.1809017, z: 0.05}
  - {x: 0, y: 0.15257311, z: 0.08506508}
  - {x: 0.05, y: 0.1309017, z: 0.080901705}
  - {x: 0.0309017, y: 0.1809017, z: 0.05}
  - {x: 0.05, y: 0.1309017, z: 0.080901705}
  - {x: 0.080901705, y: 0.15, z: 0.0309017}
  - {x: 0.080901705, y: 0.15, z: 0.0309017}
  - {x: 0.05, y: 0.1309017, z: 0.080901705}
  - {x: 0.08506508, y: 0.1, z: 0.05257311}
  - {x: 0, y: 0.15257311, z: 0.08506508}
  - {x: -0.05, y: 0.1309017, z: 0.080901705}
  - {x: 0, y: 0.1, z: 0.1}
  - {x: -0.05, y: 0.1309017, z: 0.080901705}
  - {x: -0.08506508, y: 0.1, z: 0.05257311}
  - {x: -0.05, y: 0.0690983, z: 0.080901705}
  - {x: -0.05, y: 0.1309017, z: 0.080901705}
  - {x: -0.05, y: 0.0690983, z: 0.080901705}
  - {x: 0, y: 0.1, z: 0.1}
  - {x: 0, y: 0.1, z: 0.1}
  - {x: -0.05, y: 0.0690983, z: 0.080901705}
  - {x: 0, y: 0.04742689, z: 0.08506508}
  - {x: -0.08506508, y: 0.1, z: 0.05257311}
  - {x: -0.1, y: 0.1, z: 0}
  - {x: -0.080901705, y: 0.05, z: 0.0309017}
  - {x: -0.1, y: 0.1, z: 0}
  - {x: -0.08506508, y: 0.1, z: -0.05257311}
  - {x: -0.080901705, y: 0.05, z: -0.0309017}
  - {x: -0.1, y: 0.1, z: 0}
  - {x: -0.080901705, y: 0.05, z: -0.0309017}
  - {x: -0.080901705, y: 0.05, z: 0.0309017}
  - {x: -0.080901705, y: 0.05, z: 0.0309017}
  - {x: -0.080901705, y: 0.05, z: -0.0309017}
  - {x: -0.05257311, y: 0.01493492, z: 0}
  - {x: -0.08506508, y: 0.1, z: -0.05257311}
  - {x: -0.05, y: 0.1309017, z: -0.080901705}
  - {x: -0.05, y: 0.0690983, z: -0.080901705}
  - {x: -0.05, y: 0.1309017, z: -0.080901705}
  - {x: 0, y: 0.15257311, z: -0.08506508}
  - {x: 0, y: 0.1, z: -0.1}
  - {x: -0.05, y: 0.1309017, z: -0.080901705}
  - {x: 0, y: 0.1, z: -0.1}
  - {x: -0.05, y: 0.0690983, z: -0.080901705}
  - {x: -0.05, y: 0.0690983, z: -0.080901705}
  - {x: 0, y: 0.1, z: -0.1}
  - {x: 0, y: 0.04742689, z: -0.08506508}
  - {x: 0, y: 0.15257311, z: -0.08506508}
  - {x: 0.0309017, y: 0.1809017, z: -0.05}
  - {x: 0.05, y: 0.1309017, z: -0.080901705}
  - {x: 0.0309017, y: 0.1809017, z: -0.05}
  - {x: 0.05257311, y: 0.18506509, z: 0}
  - {x: 0.080901705, y: 0.15, z: -0.0309017}
  - {x: 0.0309017, y: 0.1809017, z: -0.05}
  - {x: 0.080901705, y: 0.15, z: -0.0309017}
  - {x: 0.05, y: 0.1309017, z: -0.080901705}
  - {x: 0.05, y: 0.1309017, z: -0.080901705}
  - {x: 0.080901705, y: 0.15, z: -0.0309017}
  - {x: 0.08506508, y: 0.1, z: -0.05257311}
  - {x: 0.05257311, y: 0.01493492, z: 0}
  - {x: 0.080901705, y: 0.05, z: 0.0309017}
  - {x: 0.0309017, y: 0.019098297, z: 0.05}
  - {x: 0.080901705, y: 0.05, z: 0.0309017}
  - {x: 0.08506508, y: 0.1, z: 0.05257311}
  - {x: 0.05, y: 0.0690983, z: 0.080901705}
  - {x: 0.080901705, y: 0.05, z: 0.0309017}
  - {x: 0.05, y: 0.0690983, z: 0.080901705}
  - {x: 0.0309017, y: 0.019098297, z: 0.05}
  - {x: 0.0309017, y: 0.019098297, z: 0.05}
  - {x: 0.05, y: 0.0690983, z: 0.080901705}
  - {x: 0, y: 0.04742689, z: 0.08506508}
  - {x: 0.05257311, y: 0.01493492, z: 0}
  - {x: 0.0309017, y: 0.019098297, z: 0.05}
  - {x: 0, y: 0, z: 0}
  - {x: 0.0309017, y: 0.019098297, z: 0.05}
  - {x: 0, y: 0.04742689, z: 0.08506508}
  - {x: -0.0309017, y: 0.019098297, z: 0.05}
  - {x: 0.0309017, y: 0.019098297, z: 0.05}
  - {x: -0.0309017, y: 0.019098297, z: 0.05}
  - {x: 0, y: 0, z: 0}
  - {x: 0, y: 0, z: 0}
  - {x: -0.0309017, y: 0.019098297, z: 0.05}
  - {x: -0.05257311, y: 0.01493492, z: 0}
  - {x: 0.05257311, y: 0.01493492, z: 0}
  - {x: 0, y: 0, z: 0}
  - {x: 0.0309017, y: 0.019098297, z: -0.05}
  - {x: 0, y: 0, z: 0}
  - {x: -0.05257311, y: 0.01493492, z: 0}
  - {x: -0.0309017, y: 0.019098297, z: -0.05}
  - {x: 0, y: 0, z: 0}
  - {x: -0.0309017, y: 0.019098297, z: -0.05}
  - {x: 0.0309017, y: 0.019098297, z: -0.05}
  - {x: 0.0309017, y: 0.019098297, z: -0.05}
  - {x: -0.0309017, y: 0.019098297, z: -0.05}
  - {x: 0, y: 0.04742689, z: -0.08506508}
  - {x: 0.05257311, y: 0.01493492, z: 0}
  - {x: 0.0309017, y: 0.019098297, z: -0.05}
  - {x: 0.080901705, y: 0.05, z: -0.0309017}
  - {x: 0.0309017, y: 0.019098297, z: -0.05}
  - {x: 0, y: 0.04742689, z: -0.08506508}
  - {x: 0.05, y: 0.0690983, z: -0.080901705}
  - {x: 0.0309017, y: 0.019098297, z: -0.05}
  - {x: 0.05, y: 0.0690983, z: -0.080901705}
  - {x: 0.080901705, y: 0.05, z: -0.0309017}
  - {x: 0.080901705, y: 0.05, z: -0.0309017}
  - {x: 0.05, y: 0.0690983, z: -0.080901705}
  - {x: 0.08506508, y: 0.1, z: -0.05257311}
  - {x: 0.05257311, y: 0.01493492, z: 0}
  - {x: 0.080901705, y: 0.05, z: -0.0309017}
  - {x: 0.080901705, y: 0.05, z: 0.0309017}
  - {x: 0.080901705, y: 0.05, z: -0.0309017}
  - {x: 0.08506508, y: 0.1, z: -0.05257311}
  - {x: 0.1, y: 0.1, z: 0}
  - {x: 0.080901705, y: 0.05, z: -0.0309017}
  - {x: 0.1, y: 0.1, z: 0}
  - {x: 0.080901705, y: 0.05, z: 0.0309017}
  - {x: 0.080901705, y: 0.05, z: 0.0309017}
  - {x: 0.1, y: 0.1, z: 0}
  - {x: 0.08506508, y: 0.1, z: 0.05257311}
  - {x: 0, y: 0.04742689, z: 0.08506508}
  - {x: 0.05, y: 0.0690983, z: 0.080901705}
  - {x: 0, y: 0.1, z: 0.1}
  - {x: 0.05, y: 0.0690983, z: 0.080901705}
  - {x: 0.08506508, y: 0.1, z: 0.05257311}
  - {x: 0.05, y: 0.1309017, z: 0.080901705}
  - {x: 0.05, y: 0.0690983, z: 0.080901705}
  - {x: 0.05, y: 0.1309017, z: 0.080901705}
  - {x: 0, y: 0.1, z: 0.1}
  - {x: 0, y: 0.1, z: 0.1}
  - {x: 0.05, y: 0.1309017, z: 0.080901705}
  - {x: 0, y: 0.15257311, z: 0.08506508}
  - {x: -0.05257311, y: 0.01493492, z: 0}
  - {x: -0.0309017, y: 0.019098297, z: 0.05}
  - {x: -0.080901705, y: 0.05, z: 0.0309017}
  - {x: -0.0309017, y: 0.019098297, z: 0.05}
  - {x: 0, y: 0.04742689, z: 0.08506508}
  - {x: -0.05, y: 0.0690983, z: 0.080901705}
  - {x: -0.0309017, y: 0.019098297, z: 0.05}
  - {x: -0.05, y: 0.0690983, z: 0.080901705}
  - {x: -0.080901705, y: 0.05, z: 0.0309017}
  - {x: -0.080901705, y: 0.05, z: 0.0309017}
  - {x: -0.05, y: 0.0690983, z: 0.080901705}
  - {x: -0.08506508, y: 0.1, z: 0.05257311}
  - {x: 0, y: 0.04742689, z: -0.08506508}
  - {x: -0.0309017, y: 0.019098297, z: -0.05}
  - {x: -0.05, y: 0.0690983, z: -0.080901705}
  - {x: -0.0309017, y: 0.019098297, z: -0.05}
  - {x: -0.05257311, y: 0.01493492, z: 0}
  - {x: -0.080901705, y: 0.05, z: -0.0309017}
  - {x: -0.0309017, y: 0.019098297, z: -0.05}
  - {x: -0.080901705, y: 0.05, z: -0.0309017}
  - {x: -0.05, y: 0.0690983, z: -0.080901705}
  - {x: -0.05, y: 0.0690983, z: -0.080901705}
  - {x: -0.080901705, y: 0.05, z: -0.0309017}
  - {x: -0.08506508, y: 0.1, z: -0.05257311}
  - {x: 0.08506508, y: 0.1, z: -0.05257311}
  - {x: 0.05, y: 0.0690983, z: -0.080901705}
  - {x: 0.05, y: 0.1309017, z: -0.080901705}
  - {x: 0.05, y: 0.0690983, z: -0.080901705}
  - {x: 0, y: 0.04742689, z: -0.08506508}
  - {x: 0, y: 0.1, z: -0.1}
  - {x: 0.05, y: 0.0690983, z: -0.080901705}
  - {x: 0, y: 0.1, z: -0.1}
  - {x: 0.05, y: 0.1309017, z: -0.080901705}
  - {x: 0.05, y: 0.1309017, z: -0.080901705}
  - {x: 0, y: 0.1, z: -0.1}
  - {x: 0, y: 0.15257311, z: -0.08506508}
  - {x: 0.08506508, y: 0.1, z: 0.05257311}
  - {x: 0.1, y: 0.1, z: 0}
  - {x: 0.080901705, y: 0.15, z: 0.0309017}
  - {x: 0.1, y: 0.1, z: 0}
  - {x: 0.08506508, y: 0.1, z: -0.05257311}
  - {x: 0.080901705, y: 0.15, z: -0.0309017}
  - {x: 0.1, y: 0.1, z: 0}
  - {x: 0.080901705, y: 0.15, z: -0.0309017}
  - {x: 0.080901705, y: 0.15, z: 0.0309017}
  - {x: 0.080901705, y: 0.15, z: 0.0309017}
  - {x: 0.080901705, y: 0.15, z: -0.0309017}
  - {x: 0.05257311, y: 0.18506509, z: 0}
  m_Textures0:
  - {x: -0.05257311, y: 0}
  - {x: -0.080901705, y: 0.0309017}
  - {x: -0.0309017, y: 0.05}
  - {x: -0.0309017, y: 0.15}
  - {x: -0.05257311, y: 0.1}
  - {x: -0.080901705, y: 0.1309017}
  - {x: 0.080901705, y: 0.15}
  - {x: 0.05, y: 0.1309017}
  - {x: 0.0309017, y: 0.1809017}
  - {x: 0.0309017, y: 0.1809017}
  - {x: 0.05, y: 0.1309017}
  - {x: 0, y: 0.15257311}
  - {x: -0.05257311, y: 0}
  - {x: -0.0309017, y: 0.05}
  - {x: 0, y: 0}
  - {x: -0.0309017, y: 0.05}
  - {x: 0, y: 0.08506508}
  - {x: 0.0309017, y: 0.05}
  - {x: -0.0309017, y: 0.05}
  - {x: 0.0309017, y: 0.05}
  - {x: 0, y: 0}
  - {x: 0, y: 0}
  - {x: 0.0309017, y: 0.05}
  - {x: 0.05257311, y: 0}
  - {x: -0.05257311, y: 0}
  - {x: 0, y: 0}
  - {x: -0.0309017, y: -0.05}
  - {x: 0, y: 0}
  - {x: 0.05257311, y: 0}
  - {x: 0.0309017, y: -0.05}
  - {x: 0, y: 0}
  - {x: 0.0309017, y: -0.05}
  - {x: -0.0309017, y: -0.05}
  - {x: -0.0309017, y: -0.05}
  - {x: 0.0309017, y: -0.05}
  - {x: 0, y: -0.08506508}
  - {x: -0.05257311, y: 0}
  - {x: -0.0309017, y: -0.05}
  - {x: -0.080901705, y: -0.0309017}
  - {x: -0.0309017, y: 0.1809017}
  - {x: 0, y: 0.15257311}
  - {x: -0.05, y: 0.1309017}
  - {x: -0.0309017, y: 0.1809017}
  - {x: -0.05, y: 0.1309017}
  - {x: -0.080901705, y: 0.15}
  - {x: 0.0309017, y: 0.15}
  - {x: 0.080901705, y: 0.1309017}
  - {x: 0.05257311, y: 0.1}
  - {x: 0, y: 0.18506509}
  - {x: 0.0309017, y: 0.15}
  - {x: -0.0309017, y: 0.15}
  - {x: 0.0309017, y: 0.15}
  - {x: 0.05257311, y: 0.1}
  - {x: 0, y: 0.1}
  - {x: 0.0309017, y: 0.15}
  - {x: 0, y: 0.1}
  - {x: -0.0309017, y: 0.15}
  - {x: -0.0309017, y: 0.15}
  - {x: 0, y: 0.1}
  - {x: -0.05257311, y: 0.1}
  - {x: 0.05257311, y: 0}
  - {x: 0.0309017, y: 0.05}
  - {x: 0.080901705, y: 0.0309017}
  - {x: -0.0309017, y: 0.1809017}
  - {x: 0, y: 0.15257311}
  - {x: -0.05, y: 0.1309017}
  - {x: -0.0309017, y: 0.1809017}
  - {x: -0.05, y: 0.1309017}
  - {x: -0.080901705, y: 0.15}
  - {x: 0.0309017, y: 0.15}
  - {x: 0.080901705, y: 0.1309017}
  - {x: 0.05257311, y: 0.1}
  - {x: 0, y: 0.15257311}
  - {x: 0.05, y: 0.1309017}
  - {x: 0, y: 0.1}
  - {x: 0.05, y: 0.1309017}
  - {x: 0.08506508, y: 0.1}
  - {x: 0.05, y: 0.0690983}
  - {x: 0.05, y: 0.1309017}
  - {x: 0.05, y: 0.0690983}
  - {x: 0, y: 0.1}
  - {x: 0, y: 0.1}
  - {x: 0.05, y: 0.0690983}
  - {x: 0, y: 0.04742689}
  - {x: -0.05257311, y: 0.1}
  - {x: 0, y: 0.1}
  - {x: -0.0309017, y: 0.05}
  - {x: 0, y: 0.1}
  - {x: 0.05257311, y: 0.1}
  - {x: 0.0309017, y: 0.05}
  - {x: 0, y: 0.1}
  - {x: 0.0309017, y: 0.05}
  - {x: -0.0309017, y: 0.05}
  - {x: -0.0309017, y: 0.05}
  - {x: 0.0309017, y: 0.05}
  - {x: 0, y: 0.01493492}
  - {x: -0.08506508, y: 0.1}
  - {x: -0.05, y: 0.1309017}
  - {x: -0.05, y: 0.0690983}
  - {x: -0.05, y: 0.1309017}
  - {x: 0, y: 0.15257311}
  - {x: 0, y: 0.1}
  - {x: -0.05, y: 0.1309017}
  - {x: 0, y: 0.1}
  - {x: -0.05, y: 0.0690983}
  - {x: -0.05, y: 0.0690983}
  - {x: 0, y: 0.1}
  - {x: 0, y: 0.04742689}
  - {x: 0, y: 0.15257311}
  - {x: 0.0309017, y: 0.1809017}
  - {x: 0.05, y: 0.1309017}
  - {x: 0.0309017, y: -0.05}
  - {x: 0.05257311, y: 0}
  - {x: 0.080901705, y: -0.0309017}
  - {x: 0.0309017, y: 0.1809017}
  - {x: 0.080901705, y: 0.15}
  - {x: 0.05, y: 0.1309017}
  - {x: -0.080901705, y: 0.1309017}
  - {x: -0.0309017, y: 0.15}
  - {x: -0.05257311, y: 0.1}
  - {x: -0.05257311, y: 0}
  - {x: -0.080901705, y: 0.0309017}
  - {x: -0.0309017, y: 0.05}
  - {x: 0.0309017, y: 0.05}
  - {x: 0.05257311, y: 0.1}
  - {x: 0.080901705, y: 0.0690983}
  - {x: -0.080901705, y: 0.05}
  - {x: -0.05, y: 0.0690983}
  - {x: -0.0309017, y: 0.019098297}
  - {x: -0.0309017, y: 0.019098297}
  - {x: -0.05, y: 0.0690983}
  - {x: 0, y: 0.04742689}
  - {x: -0.05257311, y: 0}
  - {x: -0.0309017, y: 0.05}
  - {x: 0, y: 0}
  - {x: -0.0309017, y: 0.05}
  - {x: 0, y: 0.08506508}
  - {x: 0.0309017, y: 0.05}
  - {x: -0.0309017, y: 0.05}
  - {x: 0.0309017, y: 0.05}
  - {x: 0, y: 0}
  - {x: 0, y: 0}
  - {x: 0.0309017, y: 0.05}
  - {x: 0.05257311, y: 0}
  - {x: -0.05257311, y: 0}
  - {x: 0, y: 0}
  - {x: -0.0309017, y: -0.05}
  - {x: 0, y: 0}
  - {x: 0.05257311, y: 0}
  - {x: 0.0309017, y: -0.05}
  - {x: 0, y: 0}
  - {x: 0.0309017, y: -0.05}
  - {x: -0.0309017, y: -0.05}
  - {x: -0.0309017, y: -0.05}
  - {x: 0.0309017, y: -0.05}
  - {x: 0, y: -0.08506508}
  - {x: -0.05257311, y: 0}
  - {x: -0.0309017, y: -0.05}
  - {x: -0.080901705, y: -0.0309017}
  - {x: 0.0309017, y: 0.019098297}
  - {x: 0, y: 0.04742689}
  - {x: 0.05, y: 0.0690983}
  - {x: 0.0309017, y: 0.019098297}
  - {x: 0.05, y: 0.0690983}
  - {x: 0.080901705, y: 0.05}
  - {x: -0.0309017, y: 0.05}
  - {x: -0.080901705, y: 0.0690983}
  - {x: -0.05257311, y: 0.1}
  - {x: 0, y: 0.01493492}
  - {x: -0.0309017, y: 0.05}
  - {x: 0.0309017, y: 0.05}
  - {x: -0.0309017, y: 0.05}
  - {x: -0.05257311, y: 0.1}
  - {x: 0, y: 0.1}
  - {x: -0.0309017, y: 0.05}
  - {x: 0, y: 0.1}
  - {x: 0.0309017, y: 0.05}
  - {x: 0.0309017, y: 0.05}
  - {x: 0, y: 0.1}
  - {x: 0.05257311, y: 0.1}
  - {x: 0, y: 0.04742689}
  - {x: -0.05, y: 0.0690983}
  - {x: 0, y: 0.1}
  - {x: -0.05, y: 0.0690983}
  - {x: -0.08506508, y: 0.1}
  - {x: -0.05, y: 0.1309017}
  - {x: -0.05, y: 0.0690983}
  - {x: -0.05, y: 0.1309017}
  - {x: 0, y: 0.1}
  - {x: 0, y: 0.1}
  - {x: -0.05, y: 0.1309017}
  - {x: 0, y: 0.15257311}
  - {x: 0.05257311, y: 0}
  - {x: 0.0309017, y: 0.05}
  - {x: 0.080901705, y: 0.0309017}
  - {x: 0.0309017, y: 0.019098297}
  - {x: 0, y: 0.04742689}
  - {x: 0.05, y: 0.0690983}
  - {x: 0.0309017, y: 0.019098297}
  - {x: 0.05, y: 0.0690983}
  - {x: 0.080901705, y: 0.05}
  - {x: -0.0309017, y: 0.05}
  - {x: -0.080901705, y: 0.0690983}
  - {x: -0.05257311, y: 0.1}
  - {x: 0, y: 0.04742689}
  - {x: -0.0309017, y: 0.019098297}
  - {x: -0.05, y: 0.0690983}
  - {x: 0.0309017, y: -0.05}
  - {x: 0.05257311, y: 0}
  - {x: 0.080901705, y: -0.0309017}
  - {x: -0.0309017, y: 0.019098297}
  - {x: -0.080901705, y: 0.05}
  - {x: -0.05, y: 0.0690983}
  - {x: 0.080901705, y: 0.0690983}
  - {x: 0.0309017, y: 0.05}
  - {x: 0.05257311, y: 0.1}
  - {x: 0.08506508, y: 0.1}
  - {x: 0.05, y: 0.0690983}
  - {x: 0.05, y: 0.1309017}
  - {x: 0.05, y: 0.0690983}
  - {x: 0, y: 0.04742689}
  - {x: 0, y: 0.1}
  - {x: 0.05, y: 0.0690983}
  - {x: 0, y: 0.1}
  - {x: 0.05, y: 0.1309017}
  - {x: 0.05, y: 0.1309017}
  - {x: 0, y: 0.1}
  - {x: 0, y: 0.15257311}
  - {x: 0.05257311, y: 0.1}
  - {x: 0, y: 0.1}
  - {x: 0.0309017, y: 0.15}
  - {x: 0, y: 0.1}
  - {x: -0.05257311, y: 0.1}
  - {x: -0.0309017, y: 0.15}
  - {x: 0, y: 0.1}
  - {x: -0.0309017, y: 0.15}
  - {x: 0.0309017, y: 0.15}
  - {x: 0.0309017, y: 0.15}
  - {x: -0.0309017, y: 0.15}
  - {x: 0, y: 0.18506509}
  m_Textures2: []
  m_Textures3: []
  m_Tangents:
  - {x: 0.7889734, y: 0.6144274, z: 0, w: -1}
  - {x: 0.7889734, y: 0.6144274, z: 0, w: -1}
  - {x: 0.7889734, y: 0.6144274, z: 0, w: -1}
  - {x: -0.61442745, y: 0, z: -0.78897333, w: -1}
  - {x: -0.61442745, y: 0, z: -0.78897333, w: -1}
  - {x: -0.61442745, y: 0, z: -0.78897333, w: -1}
  - {x: -0.7071068, y: 0, z: -0.7071067, w: -1}
  - {x: -0.7071068, y: 0, z: -0.7071067, w: -1}
  - {x: -0.7071068, y: 0, z: -0.7071067, w: -1}
  - {x: -0.9217161, y: -0.000000016018127, z: -0.38786522, w: -1}
  - {x: -0.9217161, y: -0.000000016018127, z: -0.38786522, w: -1}
  - {x: -0.9217161, y: -0.000000016018127, z: -0.38786522, w: -1}
  - {x: 0.96193844, y: 0.2732664, z: -0.00000000558277, w: -1}
  - {x: 0.96193844, y: 0.2732664, z: -0.00000000558277, w: -1}
  - {x: 0.96193844, y: 0.2732664, z: -0.00000000558277, w: -1}
  - {x: 1, y: 0, z: 0, w: -1}
  - {x: 1, y: 0, z: 0, w: -1}
  - {x: 1, y: 0, z: 0, w: -1}
  - {x: 1, y: 0, z: 0, w: -1}
  - {x: 1, y: 0, z: 0, w: -1}
  - {x: 1, y: 0, z: 0, w: -1}
  - {x: 0.96193844, y: -0.2732664, z: 0.00000000558277, w: -1}
  - {x: 0.96193844, y: -0.2732664, z: 0.00000000558277, w: -1}
  - {x: 0.96193844, y: -0.2732664, z: 0.00000000558277, w: -1}
  - {x: 0.96193844, y: 0.2732664, z: 0.00000000558277, w: -1}
  - {x: 0.96193844, y: 0.2732664, z: 0.00000000558277, w: -1}
  - {x: 0.96193844, y: 0.2732664, z: 0.00000000558277, w: -1}
  - {x: 0.96193844, y: -0.2732664, z: -0.00000000558277, w: -1}
  - {x: 0.96193844, y: -0.2732664, z: -0.00000000558277, w: -1}
  - {x: 0.96193844, y: -0.2732664, z: -0.00000000558277, w: -1}
  - {x: 1, y: 0, z: 0, w: -1}
  - {x: 1, y: 0, z: 0, w: -1}
  - {x: 1, y: 0, z: 0, w: -1}
  - {x: 1, y: 0, z: 0, w: -1}
  - {x: 1, y: 0, z: 0, w: -1}
  - {x: 1, y: 0, z: 0, w: -1}
  - {x: 0.7889734, y: 0.6144274, z: 0, w: -1}
  - {x: 0.7889734, y: 0.6144274, z: 0, w: -1}
  - {x: 0.7889734, y: 0.6144274, z: 0, w: -1}
  - {x: 0.9217161, y: 0.000000016018127, z: -0.38786522, w: -1}
  - {x: 0.9217161, y: 0.000000016018127, z: -0.38786522, w: -1}
  - {x: 0.9217161, y: 0.000000016018127, z: -0.38786522, w: -1}
  - {x: 0.7071068, y: 0, z: -0.7071067, w: -1}
  - {x: 0.7071068, y: 0, z: -0.7071067, w: -1}
  - {x: 0.7071068, y: 0, z: -0.7071067, w: -1}
  - {x: 0.61442745, y: 0, z: -0.78897333, w: -1}
  - {x: 0.61442745, y: 0, z: -0.78897333, w: -1}
  - {x: 0.61442745, y: 0, z: -0.78897333, w: -1}
  - {x: 0, y: 0, z: -1, w: -1}
  - {x: 0, y: 0, z: -1, w: -1}
  - {x: 0, y: 0, z: -1, w: -1}
  - {x: 0.27326658, y: -0.0000000055827667, z: -0.96193844, w: -1}
  - {x: 0.27326658, y: -0.0000000055827667, z: -0.96193844, w: -1}
  - {x: 0.27326658, y: -0.0000000055827667, z: -0.96193844, w: -1}
  - {x: 0, y: 0, z: -1, w: -1}
  - {x: 0, y: 0, z: -1, w: -1}
  - {x: 0, y: 0, z: -1, w: -1}
  - {x: -0.27326658, y: 0.0000000055827667, z: -0.96193844, w: -1}
  - {x: -0.27326658, y: 0.0000000055827667, z: -0.96193844, w: -1}
  - {x: -0.27326658, y: 0.0000000055827667, z: -0.96193844, w: -1}
  - {x: 0.7889734, y: -0.6144274, z: 0, w: -1}
  - {x: 0.7889734, y: -0.6144274, z: 0, w: -1}
  - {x: 0.7889734, y: -0.6144274, z: 0, w: -1}
  - {x: -0.9217161, y: 0.000000016018127, z: 0.38786522, w: -1}
  - {x: -0.9217161, y: 0.000000016018127, z: 0.38786522, w: -1}
  - {x: -0.9217161, y: 0.000000016018127, z: 0.38786522, w: -1}
  - {x: -0.7071068, y: 0, z: 0.7071067, w: -1}
  - {x: -0.7071068, y: 0, z: 0.7071067, w: -1}
  - {x: -0.7071068, y: 0, z: 0.7071067, w: -1}
  - {x: -0.61442745, y: 0, z: 0.78897333, w: -1}
  - {x: -0.61442745, y: 0, z: 0.78897333, w: -1}
  - {x: -0.61442745, y: 0, z: 0.78897333, w: -1}
  - {x: -0.9793577, y: 0, z: -0.20213497, w: -1}
  - {x: -0.9793577, y: 0, z: -0.20213497, w: -1}
  - {x: -0.9793577, y: 0, z: -0.20213497, w: -1}
  - {x: -0.7778675, y: 0, z: -0.62842834, w: -1}
  - {x: -0.7778675, y: 0, z: -0.62842834, w: -1}
  - {x: -0.7778675, y: 0, z: -0.62842834, w: -1}
  - {x: -0.9341724, y: 0, z: -0.356822, w: -1}
  - {x: -0.9341724, y: 0, z: -0.356822, w: -1}
  - {x: -0.9341724, y: 0, z: -0.356822, w: -1}
  - {x: -0.9793577, y: 0, z: -0.20213494, w: -1}
  - {x: -0.9793577, y: 0, z: -0.20213494, w: -1}
  - {x: -0.9793577, y: 0, z: -0.20213494, w: -1}
  - {x: -0.27326658, y: -0.000000005582767, z: -0.9619383, w: -1}
  - {x: -0.27326658, y: -0.000000005582767, z: -0.9619383, w: -1}
  - {x: -0.27326658, y: -0.000000005582767, z: -0.9619383, w: -1}
  - {x: 0.27326658, y: 0.000000005582767, z: -0.9619383, w: -1}
  - {x: 0.27326658, y: 0.000000005582767, z: -0.9619383, w: -1}
  - {x: 0.27326658, y: 0.000000005582767, z: -0.9619383, w: -1}
  - {x: 0, y: 0, z: -1, w: -1}
  - {x: 0, y: 0, z: -1, w: -1}
  - {x: 0, y: 0, z: -1, w: -1}
  - {x: 0, y: 0, z: -1, w: -1}
  - {x: 0, y: 0, z: -1, w: -1}
  - {x: 0, y: 0, z: -1, w: -1}
  - {x: 0.7778675, y: 0, z: -0.62842834, w: -1}
  - {x: 0.7778675, y: 0, z: -0.62842834, w: -1}
  - {x: 0.7778675, y: 0, z: -0.62842834, w: -1}
  - {x: 0.9793577, y: 0, z: -0.20213497, w: -1}
  - {x: 0.9793577, y: 0, z: -0.20213497, w: -1}
  - {x: 0.9793577, y: 0, z: -0.20213497, w: -1}
  - {x: 0.9341724, y: 0, z: -0.356822, w: -1}
  - {x: 0.9341724, y: 0, z: -0.356822, w: -1}
  - {x: 0.9341724, y: 0, z: -0.356822, w: -1}
  - {x: 0.9793577, y: 0, z: -0.20213494, w: -1}
  - {x: 0.9793577, y: 0, z: -0.20213494, w: -1}
  - {x: 0.9793577, y: 0, z: -0.20213494, w: -1}
  - {x: 0.9217161, y: -0.000000016018127, z: 0.38786522, w: -1}
  - {x: 0.9217161, y: -0.000000016018127, z: 0.38786522, w: -1}
  - {x: 0.9217161, y: -0.000000016018127, z: 0.38786522, w: -1}
  - {x: 0.7889734, y: -0.6144274, z: 0, w: -1}
  - {x: 0.7889734, y: -0.6144274, z: 0, w: -1}
  - {x: 0.7889734, y: -0.6144274, z: 0, w: -1}
  - {x: 0.7071068, y: 0, z: 0.7071067, w: -1}
  - {x: 0.7071068, y: 0, z: 0.7071067, w: -1}
  - {x: 0.7071068, y: 0, z: 0.7071067, w: -1}
  - {x: 0.61442745, y: 0, z: 0.78897333, w: -1}
  - {x: 0.61442745, y: 0, z: 0.78897333, w: -1}
  - {x: 0.61442745, y: 0, z: 0.78897333, w: -1}
  - {x: -0.7889734, y: -0.6144274, z: 0, w: -1}
  - {x: -0.7889734, y: -0.6144274, z: 0, w: -1}
  - {x: -0.7889734, y: -0.6144274, z: 0, w: -1}
  - {x: -0.6144274, y: 0, z: 0.7889734, w: -1}
  - {x: -0.6144274, y: 0, z: 0.7889734, w: -1}
  - {x: -0.6144274, y: 0, z: 0.7889734, w: -1}
  - {x: -0.70710677, y: 0, z: 0.70710677, w: -1}
  - {x: -0.70710677, y: 0, z: 0.70710677, w: -1}
  - {x: -0.70710677, y: 0, z: 0.70710677, w: -1}
  - {x: -0.9217161, y: 0, z: 0.3878652, w: -1}
  - {x: -0.9217161, y: 0, z: 0.3878652, w: -1}
  - {x: -0.9217161, y: 0, z: 0.3878652, w: -1}
  - {x: -0.9619383, y: -0.27326658, z: 0.000000005582767, w: -1}
  - {x: -0.9619383, y: -0.27326658, z: 0.000000005582767, w: -1}
  - {x: -0.9619383, y: -0.27326658, z: 0.000000005582767, w: -1}
  - {x: -1, y: 0, z: 0, w: -1}
  - {x: -1, y: 0, z: 0, w: -1}
  - {x: -1, y: 0, z: 0, w: -1}
  - {x: -1, y: 0, z: 0, w: -1}
  - {x: -1, y: 0, z: 0, w: -1}
  - {x: -1, y: 0, z: 0, w: -1}
  - {x: -0.9619383, y: 0.27326658, z: -0.000000005582767, w: -1}
  - {x: -0.9619383, y: 0.27326658, z: -0.000000005582767, w: -1}
  - {x: -0.9619383, y: 0.27326658, z: -0.000000005582767, w: -1}
  - {x: -0.9619383, y: -0.27326658, z: -0.000000005582767, w: -1}
  - {x: -0.9619383, y: -0.27326658, z: -0.000000005582767, w: -1}
  - {x: -0.9619383, y: -0.27326658, z: -0.000000005582767, w: -1}
  - {x: -0.9619383, y: 0.27326658, z: 0.000000005582767, w: -1}
  - {x: -0.9619383, y: 0.27326658, z: 0.000000005582767, w: -1}
  - {x: -0.9619383, y: 0.27326658, z: 0.000000005582767, w: -1}
  - {x: -1, y: 0, z: 0, w: -1}
  - {x: -1, y: 0, z: 0, w: -1}
  - {x: -1, y: 0, z: 0, w: -1}
  - {x: -1, y: 0, z: 0, w: -1}
  - {x: -1, y: 0, z: 0, w: -1}
  - {x: -1, y: 0, z: 0, w: -1}
  - {x: -0.7889734, y: -0.6144274, z: 0, w: -1}
  - {x: -0.7889734, y: -0.6144274, z: 0, w: -1}
  - {x: -0.7889734, y: -0.6144274, z: 0, w: -1}
  - {x: 0.9217161, y: 0, z: 0.3878652, w: -1}
  - {x: 0.9217161, y: 0, z: 0.3878652, w: -1}
  - {x: 0.9217161, y: 0, z: 0.3878652, w: -1}
  - {x: 0.70710677, y: 0, z: 0.70710677, w: -1}
  - {x: 0.70710677, y: 0, z: 0.70710677, w: -1}
  - {x: 0.70710677, y: 0, z: 0.70710677, w: -1}
  - {x: 0.6144274, y: 0, z: 0.7889734, w: -1}
  - {x: 0.6144274, y: 0, z: 0.7889734, w: -1}
  - {x: 0.6144274, y: 0, z: 0.7889734, w: -1}
  - {x: 0, y: 0, z: 1, w: -1}
  - {x: 0, y: 0, z: 1, w: -1}
  - {x: 0, y: 0, z: 1, w: -1}
  - {x: 0.27326658, y: -0.000000005582767, z: 0.9619383, w: -1}
  - {x: 0.27326658, y: -0.000000005582767, z: 0.9619383, w: -1}
  - {x: 0.27326658, y: -0.000000005582767, z: 0.9619383, w: -1}
  - {x: 0, y: 0, z: 1, w: -1}
  - {x: 0, y: 0, z: 1, w: -1}
  - {x: 0, y: 0, z: 1, w: -1}
  - {x: -0.27326658, y: 0.000000005582767, z: 0.9619383, w: -1}
  - {x: -0.27326658, y: 0.000000005582767, z: 0.9619383, w: -1}
  - {x: -0.27326658, y: 0.000000005582767, z: 0.9619383, w: -1}
  - {x: -0.9793577, y: 0, z: 0.20213494, w: -1}
  - {x: -0.9793577, y: 0, z: 0.20213494, w: -1}
  - {x: -0.9793577, y: 0, z: 0.20213494, w: -1}
  - {x: -0.7778675, y: 0, z: 0.62842834, w: -1}
  - {x: -0.7778675, y: 0, z: 0.62842834, w: -1}
  - {x: -0.7778675, y: 0, z: 0.62842834, w: -1}
  - {x: -0.9341724, y: 0, z: 0.356822, w: -1}
  - {x: -0.9341724, y: 0, z: 0.356822, w: -1}
  - {x: -0.9341724, y: 0, z: 0.356822, w: -1}
  - {x: -0.9793577, y: 0, z: 0.20213497, w: -1}
  - {x: -0.9793577, y: 0, z: 0.20213497, w: -1}
  - {x: -0.9793577, y: 0, z: 0.20213497, w: -1}
  - {x: -0.7889734, y: 0.6144274, z: 0, w: -1}
  - {x: -0.7889734, y: 0.6144274, z: 0, w: -1}
  - {x: -0.7889734, y: 0.6144274, z: 0, w: -1}
  - {x: -0.9217161, y: 0, z: -0.3878652, w: -1}
  - {x: -0.9217161, y: 0, z: -0.3878652, w: -1}
  - {x: -0.9217161, y: 0, z: -0.3878652, w: -1}
  - {x: -0.70710677, y: 0, z: -0.70710677, w: -1}
  - {x: -0.70710677, y: 0, z: -0.70710677, w: -1}
  - {x: -0.70710677, y: 0, z: -0.70710677, w: -1}
  - {x: -0.6144274, y: 0, z: -0.7889734, w: -1}
  - {x: -0.6144274, y: 0, z: -0.7889734, w: -1}
  - {x: -0.6144274, y: 0, z: -0.7889734, w: -1}
  - {x: 0.9217161, y: 0, z: -0.3878652, w: -1}
  - {x: 0.9217161, y: 0, z: -0.3878652, w: -1}
  - {x: 0.9217161, y: 0, z: -0.3878652, w: -1}
  - {x: -0.7889734, y: 0.6144274, z: 0, w: -1}
  - {x: -0.7889734, y: 0.6144274, z: 0, w: -1}
  - {x: -0.7889734, y: 0.6144274, z: 0, w: -1}
  - {x: 0.70710677, y: 0, z: -0.70710677, w: -1}
  - {x: 0.70710677, y: 0, z: -0.70710677, w: -1}
  - {x: 0.70710677, y: 0, z: -0.70710677, w: -1}
  - {x: 0.6144274, y: 0, z: -0.7889734, w: -1}
  - {x: 0.6144274, y: 0, z: -0.7889734, w: -1}
  - {x: 0.6144274, y: 0, z: -0.7889734, w: -1}
  - {x: 0.7778675, y: 0, z: 0.62842834, w: -1}
  - {x: 0.7778675, y: 0, z: 0.62842834, w: -1}
  - {x: 0.7778675, y: 0, z: 0.62842834, w: -1}
  - {x: 0.9793577, y: 0, z: 0.20213494, w: -1}
  - {x: 0.9793577, y: 0, z: 0.20213494, w: -1}
  - {x: 0.9793577, y: 0, z: 0.20213494, w: -1}
  - {x: 0.9341724, y: 0, z: 0.356822, w: -1}
  - {x: 0.9341724, y: 0, z: 0.356822, w: -1}
  - {x: 0.9341724, y: 0, z: 0.356822, w: -1}
  - {x: 0.9793577, y: 0, z: 0.20213497, w: -1}
  - {x: 0.9793577, y: 0, z: 0.20213497, w: -1}
  - {x: 0.9793577, y: 0, z: 0.20213497, w: -1}
  - {x: -0.27326658, y: -0.0000000055827667, z: 0.96193844, w: -1}
  - {x: -0.27326658, y: -0.0000000055827667, z: 0.96193844, w: -1}
  - {x: -0.27326658, y: -0.0000000055827667, z: 0.96193844, w: -1}
  - {x: 0.27326658, y: 0.0000000055827667, z: 0.96193844, w: -1}
  - {x: 0.27326658, y: 0.0000000055827667, z: 0.96193844, w: -1}
  - {x: 0.27326658, y: 0.0000000055827667, z: 0.96193844, w: -1}
  - {x: 0, y: 0, z: 1, w: -1}
  - {x: 0, y: 0, z: 1, w: -1}
  - {x: 0, y: 0, z: 1, w: -1}
  - {x: 0, y: 0, z: 1, w: -1}
  - {x: 0, y: 0, z: 1, w: -1}
  - {x: 0, y: 0, z: 1, w: -1}
  m_Colors: []
  m_UnwrapParameters:
    m_HardAngle: 88
    m_PackMargin: 20
    m_AngleError: 8
    m_AreaError: 15
  m_PreserveMeshAssetOnDestroy: 0
  assetGuid: 
  m_Mesh: {fileID: 0}
  m_IsSelectable: 1
  m_SelectedFaces: 
  m_SelectedEdges: []
  m_SelectedVertices: 
--- !u!23 &6235712863606434828
MeshRenderer:
  m_ObjectHideFlags: 0
  m_CorrespondingSourceObject: {fileID: 0}
  m_PrefabInstance: {fileID: 0}
  m_PrefabAsset: {fileID: 0}
  m_GameObject: {fileID: 6235712863606434816}
  m_Enabled: 1
  m_CastShadows: 1
  m_ReceiveShadows: 1
  m_DynamicOccludee: 1
  m_MotionVectors: 1
  m_LightProbeUsage: 1
  m_ReflectionProbeUsage: 1
  m_RayTracingMode: 2
  m_RayTraceProcedural: 0
  m_RenderingLayerMask: 1
  m_RendererPriority: 0
  m_Materials:
  - {fileID: 2100000, guid: 4edb1f34f40fd56449eeb77f6ac4e8ce, type: 2}
  m_StaticBatchInfo:
    firstSubMesh: 0
    subMeshCount: 0
  m_StaticBatchRoot: {fileID: 0}
  m_ProbeAnchor: {fileID: 0}
  m_LightProbeVolumeOverride: {fileID: 0}
  m_ScaleInLightmap: 1
  m_ReceiveGI: 1
  m_PreserveUVs: 0
  m_IgnoreNormalsForChartDetection: 0
  m_ImportantGI: 0
  m_StitchLightmapSeams: 1
  m_SelectedEditorRenderState: 2
  m_MinimumChartSize: 4
  m_AutoUVMaxDistance: 0.5
  m_AutoUVMaxAngle: 89
  m_LightmapParameters: {fileID: 0}
  m_SortingLayerID: 0
  m_SortingLayer: 0
  m_SortingOrder: 0
  m_AdditionalVertexStreams: {fileID: 0}
--- !u!33 &6235712863606434829
MeshFilter:
  m_ObjectHideFlags: 0
  m_CorrespondingSourceObject: {fileID: 0}
  m_PrefabInstance: {fileID: 0}
  m_PrefabAsset: {fileID: 0}
  m_GameObject: {fileID: 6235712863606434816}
  m_Mesh: {fileID: 0}
--- !u!64 &6235712863606434818
MeshCollider:
  m_ObjectHideFlags: 0
  m_CorrespondingSourceObject: {fileID: 0}
  m_PrefabInstance: {fileID: 0}
  m_PrefabAsset: {fileID: 0}
  m_GameObject: {fileID: 6235712863606434816}
  m_Material: {fileID: 0}
  m_IsTrigger: 0
  m_Enabled: 0
  serializedVersion: 4
  m_Convex: 0
  m_CookingOptions: 30
  m_Mesh: {fileID: 0}
