%YAML 1.1
%TAG !u! tag:unity3d.com,2011:
--- !u!1 &8167788465130016374
GameObject:
  m_ObjectHideFlags: 0
  m_CorrespondingSourceObject: {fileID: 0}
  m_PrefabInstance: {fileID: 0}
  m_PrefabAsset: {fileID: 0}
  serializedVersion: 6
  m_Component:
  - component: {fileID: 8167788465130016371}
  - component: {fileID: 8167788465130016372}
  - component: {fileID: 8167788465130016373}
  - component: {fileID: 8167788465130016370}
  - component: {fileID: 8167788465130016368}
  - component: {fileID: 8167788465130016369}
  m_Layer: 0
  m_Name: Main Camera
  m_TagString: MainCamera
  m_Icon: {fileID: 0}
  m_NavMeshLayer: 0
  m_StaticEditorFlags: 0
  m_IsActive: 1
--- !u!4 &8167788465130016371
Transform:
  m_ObjectHideFlags: 0
  m_CorrespondingSourceObject: {fileID: 0}
  m_PrefabInstance: {fileID: 0}
  m_PrefabAsset: {fileID: 0}
  m_GameObject: {fileID: 8167788465130016374}
  m_LocalRotation: {x: 0.24485995, y: 0.2531419, z: -0.066394866, w: 0.93357086}
  m_LocalPosition: {x: 21.494457, y: 13.5, z: 40.16935}
  m_LocalScale: {x: 1, y: 1, z: 1}
  m_Children:
  - {fileID: 8167788465288626814}
  - {fileID: 8167788466023404853}
  - {fileID: 8167788465991735050}
  - {fileID: 8167788465456518087}
  m_Father: {fileID: 0}
  m_RootOrder: 0
  m_LocalEulerAnglesHint: {x: 0, y: 0, z: 0}
--- !u!20 &8167788465130016372
Camera:
  m_ObjectHideFlags: 0
  m_CorrespondingSourceObject: {fileID: 0}
  m_PrefabInstance: {fileID: 0}
  m_PrefabAsset: {fileID: 0}
  m_GameObject: {fileID: 8167788465130016374}
  m_Enabled: 1
  serializedVersion: 2
  m_ClearFlags: 2
  m_BackGroundColor: {r: 0.3537736, g: 0.6238563, b: 1, a: 0}
  m_projectionMatrixMode: 1
  m_GateFitMode: 2
  m_FOVAxisMode: 0
  m_SensorSize: {x: 36, y: 24}
  m_LensShift: {x: 0, y: 0}
  m_FocalLength: 50
  m_NormalizedViewPortRect:
    serializedVersion: 2
    x: 0
    y: 0
    width: 1
    height: 1
  near clip plane: 0.1
  far clip plane: 5000
  field of view: 40
  orthographic: 0
  orthographic size: 5
  m_Depth: -1
  m_CullingMask:
    serializedVersion: 2
    m_Bits: 4294967295
  m_RenderingPath: -1
  m_TargetTexture: {fileID: 0}
  m_TargetDisplay: 0
  m_TargetEye: 3
  m_HDR: 1
  m_AllowMSAA: 1
  m_AllowDynamicResolution: 0
  m_ForceIntoRT: 0
  m_OcclusionCulling: 1
  m_StereoConvergence: 10
  m_StereoSeparation: 0.022
--- !u!81 &8167788465130016373
AudioListener:
  m_ObjectHideFlags: 0
  m_CorrespondingSourceObject: {fileID: 0}
  m_PrefabInstance: {fileID: 0}
  m_PrefabAsset: {fileID: 0}
  m_GameObject: {fileID: 8167788465130016374}
  m_Enabled: 1
--- !u!114 &8167788465130016370
MonoBehaviour:
  m_ObjectHideFlags: 0
  m_CorrespondingSourceObject: {fileID: 0}
  m_PrefabInstance: {fileID: 0}
  m_PrefabAsset: {fileID: 0}
  m_GameObject: {fileID: 8167788465130016374}
  m_Enabled: 1
  m_EditorHideFlags: 0
  m_Script: {fileID: 11500000, guid: 72ece51f2901e7445ab60da3685d6b5f, type: 3}
  m_Name: 
  m_EditorClassIdentifier: 
  m_ShowDebugText: 0
  m_ShowCameraFrustum: 1
  m_IgnoreTimeScale: 0
  m_WorldUpOverride: {fileID: 0}
  m_UpdateMethod: 2
  m_BlendUpdateMethod: 1
  m_DefaultBlend:
    m_Style: 1
    m_Time: 2
    m_CustomCurve:
      serializedVersion: 2
      m_Curve: []
      m_PreInfinity: 2
      m_PostInfinity: 2
      m_RotationOrder: 4
  m_CustomBlends: {fileID: 0}
  m_CameraCutEvent:
    m_PersistentCalls:
      m_Calls: []
  m_CameraActivatedEvent:
    m_PersistentCalls:
      m_Calls: []
--- !u!114 &8167788465130016368
MonoBehaviour:
  m_ObjectHideFlags: 0
  m_CorrespondingSourceObject: {fileID: 0}
  m_PrefabInstance: {fileID: 0}
  m_PrefabAsset: {fileID: 0}
  m_GameObject: {fileID: 8167788465130016374}
  m_Enabled: 1
  m_EditorHideFlags: 0
  m_Script: {fileID: 11500000, guid: fb7194dc27b9df64c8beca7482ee8e0d, type: 3}
  m_Name: 
  m_EditorClassIdentifier: 
  PlayerIndex: -1
  XYAxis: {fileID: 4860463626303453660, guid: 8e7505498787af04ea306c543b1d2115, type: 3}
  ZAxis: {fileID: 0}
--- !u!114 &8167788465130016369
MonoBehaviour:
  m_ObjectHideFlags: 0
  m_CorrespondingSourceObject: {fileID: 0}
  m_PrefabInstance: {fileID: 0}
  m_PrefabAsset: {fileID: 0}
  m_GameObject: {fileID: 8167788465130016374}
  m_Enabled: 1
  m_EditorHideFlags: 0
  m_Script: {fileID: 11500000, guid: 319d2fe34a804e245819465c9505ea59, type: 3}
  m_Name: 
  m_EditorClassIdentifier: 
  m_ExcludedPropertiesInInspector:
  - m_Script
  m_LockStageInInspector: 
  m_StreamingVersion: 20170927
  m_Priority: 10
  m_StandbyUpdate: 2
  m_LookAt: {fileID: 0}
  m_Follow: {fileID: 0}
  m_CommonLens: 1
  m_Lens:
    FieldOfView: 40
    OrthographicSize: 10
    NearClipPlane: 0.1
    FarClipPlane: 5000
    Dutch: 0
    LensShift: {x: 0, y: 0}
  m_Transitions:
    m_BlendHint: 0
    m_InheritPosition: 0
    m_OnCameraLive:
      m_PersistentCalls:
        m_Calls: []
  m_LegacyBlendHint: 0
  m_YAxis:
    Value: 0.5
    m_SpeedMode: 0
    m_MaxSpeed: 2
    m_AccelTime: 0.2
    m_DecelTime: 0.1
    m_InputAxisName: Mouse Y
    m_InputAxisValue: 0
    m_InvertInput: 0
    m_MinValue: 0
    m_MaxValue: 1
    m_Wrap: 0
    m_Recentering:
      m_enabled: 0
      m_WaitTime: 1
      m_RecenteringTime: 2
      m_LegacyHeadingDefinition: -1
      m_LegacyVelocityFilterStrength: -1
  m_YAxisRecentering:
    m_enabled: 0
    m_WaitTime: 1
    m_RecenteringTime: 2
    m_LegacyHeadingDefinition: -1
    m_LegacyVelocityFilterStrength: -1
  m_XAxis:
    Value: 0
    m_SpeedMode: 0
    m_MaxSpeed: 300
    m_AccelTime: 0.1
    m_DecelTime: 0.1
    m_InputAxisName: Mouse X
    m_InputAxisValue: 0
    m_InvertInput: 0
    m_MinValue: -180
    m_MaxValue: 180
    m_Wrap: 1
    m_Recentering:
      m_enabled: 0
      m_WaitTime: 1
      m_RecenteringTime: 2
      m_LegacyHeadingDefinition: -1
      m_LegacyVelocityFilterStrength: -1
  m_Heading:
    m_Definition: 2
    m_VelocityFilterStrength: 4
    m_Bias: 0
  m_RecenterToTargetHeading:
    m_enabled: 0
    m_WaitTime: 1
    m_RecenteringTime: 2
    m_LegacyHeadingDefinition: -1
    m_LegacyVelocityFilterStrength: -1
  m_BindingMode: 5
  m_SplineCurvature: 0.2
  m_Orbits:
  - m_Height: 12
    m_Radius: 16
  - m_Height: 8
    m_Radius: 12
  - m_Height: 2
    m_Radius: 2
  m_LegacyHeadingBias: 3.4028235e+38
  m_Rigs:
  - {fileID: 8167788466023404854}
  - {fileID: 8167788465991735051}
  - {fileID: 8167788465456518072}
--- !u!1 &8167788465288626815
GameObject:
  m_ObjectHideFlags: 0
  m_CorrespondingSourceObject: {fileID: 0}
  m_PrefabInstance: {fileID: 0}
  m_PrefabAsset: {fileID: 0}
  serializedVersion: 6
  m_Component:
  - component: {fileID: 8167788465288626814}
  - component: {fileID: 8167788465288626813}
  m_Layer: 0
  m_Name: cm
  m_TagString: Untagged
  m_Icon: {fileID: 0}
  m_NavMeshLayer: 0
  m_StaticEditorFlags: 0
  m_IsActive: 1
--- !u!4 &8167788465288626814
Transform:
  m_ObjectHideFlags: 0
  m_CorrespondingSourceObject: {fileID: 0}
  m_PrefabInstance: {fileID: 0}
  m_PrefabAsset: {fileID: 0}
  m_GameObject: {fileID: 8167788465288626815}
  m_LocalRotation: {x: 0.11390267, y: -0.90235317, z: 0.16137244, w: -0.3830716}
  m_LocalPosition: {x: -19.918777, y: 11.206298, z: 49.469086}
  m_LocalScale: {x: 1, y: 1, z: 1}
  m_Children: []
  m_Father: {fileID: 8167788465130016371}
  m_RootOrder: 0
  m_LocalEulerAnglesHint: {x: 0, y: 0, z: 0}
--- !u!114 &8167788465288626813
MonoBehaviour:
  m_ObjectHideFlags: 0
  m_CorrespondingSourceObject: {fileID: 0}
  m_PrefabInstance: {fileID: 0}
  m_PrefabAsset: {fileID: 0}
  m_GameObject: {fileID: 8167788465288626815}
  m_Enabled: 1
  m_EditorHideFlags: 0
  m_Script: {fileID: 11500000, guid: ac0b09e7857660247b1477e93731de29, type: 3}
  m_Name: 
  m_EditorClassIdentifier: 
--- !u!1 &8167788465456518073
GameObject:
  m_ObjectHideFlags: 3
  m_CorrespondingSourceObject: {fileID: 0}
  m_PrefabInstance: {fileID: 0}
  m_PrefabAsset: {fileID: 0}
  serializedVersion: 6
  m_Component:
  - component: {fileID: 8167788465456518087}
  - component: {fileID: 8167788465456518072}
  m_Layer: 0
  m_Name: BottomRig
  m_TagString: Untagged
  m_Icon: {fileID: 0}
  m_NavMeshLayer: 0
  m_StaticEditorFlags: 0
  m_IsActive: 1
--- !u!4 &8167788465456518087
Transform:
  m_ObjectHideFlags: 3
  m_CorrespondingSourceObject: {fileID: 0}
  m_PrefabInstance: {fileID: 0}
  m_PrefabAsset: {fileID: 0}
  m_GameObject: {fileID: 8167788465456518073}
  m_LocalRotation: {x: -0.12499218, y: 0.000000044703484, z: -0.000000014901161, w: 0.99215776}
  m_LocalPosition: {x: 0, y: 0, z: 0}
  m_LocalScale: {x: 1, y: 1, z: 1}
  m_Children:
  - {fileID: 8167788466501408953}
  m_Father: {fileID: 8167788465130016371}
  m_RootOrder: 3
  m_LocalEulerAnglesHint: {x: 0, y: 0, z: 0}
--- !u!114 &8167788465456518072
MonoBehaviour:
  m_ObjectHideFlags: 3
  m_CorrespondingSourceObject: {fileID: 0}
  m_PrefabInstance: {fileID: 0}
  m_PrefabAsset: {fileID: 0}
  m_GameObject: {fileID: 8167788465456518073}
  m_Enabled: 1
  m_EditorHideFlags: 0
  m_Script: {fileID: 11500000, guid: 45e653bab7fb20e499bda25e1b646fea, type: 3}
  m_Name: 
  m_EditorClassIdentifier: 
  m_ExcludedPropertiesInInspector:
  - m_Script
  - Header
  - Extensions
  - m_Priority
  - m_Transitions
  - m_Follow
  - m_StandbyUpdate
  - m_Lens
  m_LockStageInInspector: 00000000
  m_StreamingVersion: 20170927
  m_Priority: 10
  m_StandbyUpdate: 2
  m_LookAt: {fileID: 0}
  m_Follow: {fileID: 0}
  m_Lens:
    FieldOfView: 40
    OrthographicSize: 10
    NearClipPlane: 0.1
    FarClipPlane: 5000
    Dutch: 0
    LensShift: {x: 0, y: 0}
  m_Transitions:
    m_BlendHint: 0
    m_InheritPosition: 0
    m_OnCameraLive:
      m_PersistentCalls:
        m_Calls: []
  m_LegacyBlendHint: 0
  m_ComponentOwner: {fileID: 8167788466501408953}
--- !u!1 &8167788465991735052
GameObject:
  m_ObjectHideFlags: 3
  m_CorrespondingSourceObject: {fileID: 0}
  m_PrefabInstance: {fileID: 0}
  m_PrefabAsset: {fileID: 0}
  serializedVersion: 6
  m_Component:
  - component: {fileID: 8167788465991735050}
  - component: {fileID: 8167788465991735051}
  m_Layer: 0
  m_Name: MiddleRig
  m_TagString: Untagged
  m_Icon: {fileID: 0}
  m_NavMeshLayer: 0
  m_StaticEditorFlags: 0
  m_IsActive: 1
--- !u!4 &8167788465991735050
Transform:
  m_ObjectHideFlags: 3
  m_CorrespondingSourceObject: {fileID: 0}
  m_PrefabInstance: {fileID: 0}
  m_PrefabAsset: {fileID: 0}
  m_GameObject: {fileID: 8167788465991735052}
  m_LocalRotation: {x: -0.000000044703484, y: -0, z: -0.000000007450581, w: 1}
  m_LocalPosition: {x: 0, y: 0, z: 0}
  m_LocalScale: {x: 1, y: 1, z: 1}
  m_Children:
  - {fileID: 8167788466609622423}
  m_Father: {fileID: 8167788465130016371}
  m_RootOrder: 2
  m_LocalEulerAnglesHint: {x: 0, y: 0, z: 0}
--- !u!114 &8167788465991735051
MonoBehaviour:
  m_ObjectHideFlags: 3
  m_CorrespondingSourceObject: {fileID: 0}
  m_PrefabInstance: {fileID: 0}
  m_PrefabAsset: {fileID: 0}
  m_GameObject: {fileID: 8167788465991735052}
  m_Enabled: 1
  m_EditorHideFlags: 0
  m_Script: {fileID: 11500000, guid: 45e653bab7fb20e499bda25e1b646fea, type: 3}
  m_Name: 
  m_EditorClassIdentifier: 
  m_ExcludedPropertiesInInspector:
  - m_Script
  - Header
  - Extensions
  - m_Priority
  - m_Transitions
  - m_Follow
  - m_StandbyUpdate
  - m_Lens
  m_LockStageInInspector: 00000000
  m_StreamingVersion: 20170927
  m_Priority: 10
  m_StandbyUpdate: 2
  m_LookAt: {fileID: 0}
  m_Follow: {fileID: 0}
  m_Lens:
    FieldOfView: 40
    OrthographicSize: 10
    NearClipPlane: 0.1
    FarClipPlane: 5000
    Dutch: 0
    LensShift: {x: 0, y: 0}
  m_Transitions:
    m_BlendHint: 0
    m_InheritPosition: 0
    m_OnCameraLive:
      m_PersistentCalls:
        m_Calls: []
  m_LegacyBlendHint: 0
  m_ComponentOwner: {fileID: 8167788466609622423}
--- !u!1 &8167788466007252018
GameObject:
  m_ObjectHideFlags: 0
  m_CorrespondingSourceObject: {fileID: 0}
  m_PrefabInstance: {fileID: 0}
  m_PrefabAsset: {fileID: 0}
  serializedVersion: 6
  m_Component:
  - component: {fileID: 8167788466007252017}
  - component: {fileID: 8167788466007252030}
  - component: {fileID: 8167788466007252031}
  - component: {fileID: 8167788466007252016}
  m_Layer: 0
  m_Name: cm
  m_TagString: Untagged
  m_Icon: {fileID: 0}
  m_NavMeshLayer: 0
  m_StaticEditorFlags: 0
  m_IsActive: 1
--- !u!4 &8167788466007252017
Transform:
  m_ObjectHideFlags: 0
  m_CorrespondingSourceObject: {fileID: 0}
  m_PrefabInstance: {fileID: 0}
  m_PrefabAsset: {fileID: 0}
  m_GameObject: {fileID: 8167788466007252018}
  m_LocalRotation: {x: -0, y: -0, z: -0, w: 1}
  m_LocalPosition: {x: 0, y: 0, z: 0}
  m_LocalScale: {x: 1, y: 1, z: 1}
  m_Children: []
  m_Father: {fileID: 8167788466023404853}
  m_RootOrder: 0
  m_LocalEulerAnglesHint: {x: 0, y: 0, z: 0}
--- !u!114 &8167788466007252030
MonoBehaviour:
  m_ObjectHideFlags: 0
  m_CorrespondingSourceObject: {fileID: 0}
  m_PrefabInstance: {fileID: 0}
  m_PrefabAsset: {fileID: 0}
  m_GameObject: {fileID: 8167788466007252018}
  m_Enabled: 1
  m_EditorHideFlags: 0
  m_Script: {fileID: 11500000, guid: ac0b09e7857660247b1477e93731de29, type: 3}
  m_Name: 
  m_EditorClassIdentifier: 
--- !u!114 &8167788466007252031
MonoBehaviour:
  m_ObjectHideFlags: 0
  m_CorrespondingSourceObject: {fileID: 0}
  m_PrefabInstance: {fileID: 0}
  m_PrefabAsset: {fileID: 0}
  m_GameObject: {fileID: 8167788466007252018}
  m_Enabled: 1
  m_EditorHideFlags: 0
  m_Script: {fileID: 11500000, guid: 9384ab8608cdc3d479fe89cd51eed48f, type: 3}
  m_Name: 
  m_EditorClassIdentifier: 
  m_BindingMode: 5
  m_FollowOffset: {x: 0, y: 8, z: -12}
  m_XDamping: 1
  m_YDamping: 1
  m_ZDamping: 1
  m_AngularDampingMode: 0
  m_PitchDamping: 0
  m_YawDamping: 0
  m_RollDamping: 0
  m_AngularDamping: 0
  m_Heading:
    m_Definition: 2
    m_VelocityFilterStrength: 4
    m_Bias: 0
  m_RecenterToTargetHeading:
    m_enabled: 0
    m_WaitTime: 1
    m_RecenteringTime: 2
    m_LegacyHeadingDefinition: -1
    m_LegacyVelocityFilterStrength: -1
  m_XAxis:
    Value: 0
    m_SpeedMode: 0
    m_MaxSpeed: 300
    m_AccelTime: 0.1
    m_DecelTime: 0.1
    m_InputAxisName: 
    m_InputAxisValue: 0
    m_InvertInput: 1
    m_MinValue: -180
    m_MaxValue: 180
    m_Wrap: 1
    m_Recentering:
      m_enabled: 0
      m_WaitTime: 1
      m_RecenteringTime: 2
      m_LegacyHeadingDefinition: -1
      m_LegacyVelocityFilterStrength: -1
  m_LegacyRadius: 3.4028235e+38
  m_LegacyHeightOffset: 3.4028235e+38
  m_LegacyHeadingBias: 3.4028235e+38
  m_HeadingIsSlave: 1
--- !u!114 &8167788466007252016
MonoBehaviour:
  m_ObjectHideFlags: 0
  m_CorrespondingSourceObject: {fileID: 0}
  m_PrefabInstance: {fileID: 0}
  m_PrefabAsset: {fileID: 0}
  m_GameObject: {fileID: 8167788466007252018}
  m_Enabled: 1
  m_EditorHideFlags: 0
  m_Script: {fileID: 11500000, guid: f4044717213e31446939f7bd49c896ea, type: 3}
  m_Name: 
  m_EditorClassIdentifier: 
  m_TrackedObjectOffset: {x: 0, y: 0, z: 0}
  m_LookaheadTime: 0
  m_LookaheadSmoothing: 0
  m_LookaheadIgnoreY: 0
  m_HorizontalDamping: 0
  m_VerticalDamping: 0
  m_ScreenX: 0.5
  m_ScreenY: 0.5
  m_DeadZoneWidth: 0
  m_DeadZoneHeight: 0
  m_SoftZoneWidth: 0.8
  m_SoftZoneHeight: 0.8
  m_BiasX: 0
  m_BiasY: 0
  m_CenterOnActivate: 1
--- !u!1 &8167788466023404855
GameObject:
  m_ObjectHideFlags: 3
  m_CorrespondingSourceObject: {fileID: 0}
  m_PrefabInstance: {fileID: 0}
  m_PrefabAsset: {fileID: 0}
  serializedVersion: 6
  m_Component:
  - component: {fileID: 8167788466023404853}
  - component: {fileID: 8167788466023404854}
  m_Layer: 0
  m_Name: TopRig
  m_TagString: Untagged
  m_Icon: {fileID: 0}
  m_NavMeshLayer: 0
  m_StaticEditorFlags: 0
  m_IsActive: 1
--- !u!4 &8167788466023404853
Transform:
  m_ObjectHideFlags: 3
  m_CorrespondingSourceObject: {fileID: 0}
  m_PrefabInstance: {fileID: 0}
  m_PrefabAsset: {fileID: 0}
  m_GameObject: {fileID: 8167788466023404855}
  m_LocalRotation: {x: 0.03748694, y: 0.0017938912, z: -0.0011011027, w: 0.99929494}
  m_LocalPosition: {x: 0, y: 0, z: 0}
  m_LocalScale: {x: 1, y: 1, z: 1}
  m_Children:
  - {fileID: 8167788466007252017}
  m_Father: {fileID: 8167788465130016371}
  m_RootOrder: 1
  m_LocalEulerAnglesHint: {x: 0, y: 0, z: 0}
--- !u!114 &8167788466023404854
MonoBehaviour:
  m_ObjectHideFlags: 3
  m_CorrespondingSourceObject: {fileID: 0}
  m_PrefabInstance: {fileID: 0}
  m_PrefabAsset: {fileID: 0}
  m_GameObject: {fileID: 8167788466023404855}
  m_Enabled: 1
  m_EditorHideFlags: 0
  m_Script: {fileID: 11500000, guid: 45e653bab7fb20e499bda25e1b646fea, type: 3}
  m_Name: 
  m_EditorClassIdentifier: 
  m_ExcludedPropertiesInInspector:
  - m_Script
  - Header
  - Extensions
  - m_Priority
  - m_Transitions
  - m_Follow
  - m_StandbyUpdate
  - m_Lens
  m_LockStageInInspector: 00000000
  m_StreamingVersion: 20170927
  m_Priority: 10
  m_StandbyUpdate: 2
  m_LookAt: {fileID: 0}
  m_Follow: {fileID: 0}
  m_Lens:
    FieldOfView: 40
    OrthographicSize: 10
    NearClipPlane: 0.1
    FarClipPlane: 5000
    Dutch: 0
    LensShift: {x: 0, y: 0}
  m_Transitions:
    m_BlendHint: 0
    m_InheritPosition: 0
    m_OnCameraLive:
      m_PersistentCalls:
        m_Calls: []
  m_LegacyBlendHint: 0
  m_ComponentOwner: {fileID: 8167788466007252017}
--- !u!1 &8167788466501408954
GameObject:
  m_ObjectHideFlags: 0
  m_CorrespondingSourceObject: {fileID: 0}
  m_PrefabInstance: {fileID: 0}
  m_PrefabAsset: {fileID: 0}
  serializedVersion: 6
  m_Component:
  - component: {fileID: 8167788466501408953}
  - component: {fileID: 8167788466501408966}
  - component: {fileID: 8167788466501408967}
  - component: {fileID: 8167788466501408952}
  m_Layer: 0
  m_Name: cm
  m_TagString: Untagged
  m_Icon: {fileID: 0}
  m_NavMeshLayer: 0
  m_StaticEditorFlags: 0
  m_IsActive: 1
--- !u!4 &8167788466501408953
Transform:
  m_ObjectHideFlags: 0
  m_CorrespondingSourceObject: {fileID: 0}
  m_PrefabInstance: {fileID: 0}
  m_PrefabAsset: {fileID: 0}
  m_GameObject: {fileID: 8167788466501408954}
  m_LocalRotation: {x: -0, y: -0, z: -0, w: 1}
  m_LocalPosition: {x: 0, y: 0, z: 0}
  m_LocalScale: {x: 1, y: 1, z: 1}
  m_Children: []
  m_Father: {fileID: 8167788465456518087}
  m_RootOrder: 0
  m_LocalEulerAnglesHint: {x: 0, y: 0, z: 0}
--- !u!114 &8167788466501408966
MonoBehaviour:
  m_ObjectHideFlags: 0
  m_CorrespondingSourceObject: {fileID: 0}
  m_PrefabInstance: {fileID: 0}
  m_PrefabAsset: {fileID: 0}
  m_GameObject: {fileID: 8167788466501408954}
  m_Enabled: 1
  m_EditorHideFlags: 0
  m_Script: {fileID: 11500000, guid: ac0b09e7857660247b1477e93731de29, type: 3}
  m_Name: 
  m_EditorClassIdentifier: 
--- !u!114 &8167788466501408967
MonoBehaviour:
  m_ObjectHideFlags: 0
  m_CorrespondingSourceObject: {fileID: 0}
  m_PrefabInstance: {fileID: 0}
  m_PrefabAsset: {fileID: 0}
  m_GameObject: {fileID: 8167788466501408954}
  m_Enabled: 1
  m_EditorHideFlags: 0
  m_Script: {fileID: 11500000, guid: 9384ab8608cdc3d479fe89cd51eed48f, type: 3}
  m_Name: 
  m_EditorClassIdentifier: 
  m_BindingMode: 5
  m_FollowOffset: {x: 0, y: 8, z: -12}
  m_XDamping: 1
  m_YDamping: 1
  m_ZDamping: 1
  m_AngularDampingMode: 0
  m_PitchDamping: 0
  m_YawDamping: 0
  m_RollDamping: 0
  m_AngularDamping: 0
  m_Heading:
    m_Definition: 2
    m_VelocityFilterStrength: 4
    m_Bias: 0
  m_RecenterToTargetHeading:
    m_enabled: 0
    m_WaitTime: 1
    m_RecenteringTime: 2
    m_LegacyHeadingDefinition: -1
    m_LegacyVelocityFilterStrength: -1
  m_XAxis:
    Value: 0
    m_SpeedMode: 0
    m_MaxSpeed: 300
    m_AccelTime: 0.1
    m_DecelTime: 0.1
    m_InputAxisName: 
    m_InputAxisValue: 0
    m_InvertInput: 1
    m_MinValue: -180
    m_MaxValue: 180
    m_Wrap: 1
    m_Recentering:
      m_enabled: 0
      m_WaitTime: 1
      m_RecenteringTime: 2
      m_LegacyHeadingDefinition: -1
      m_LegacyVelocityFilterStrength: -1
  m_LegacyRadius: 3.4028235e+38
  m_LegacyHeightOffset: 3.4028235e+38
  m_LegacyHeadingBias: 3.4028235e+38
  m_HeadingIsSlave: 1
--- !u!114 &8167788466501408952
MonoBehaviour:
  m_ObjectHideFlags: 0
  m_CorrespondingSourceObject: {fileID: 0}
  m_PrefabInstance: {fileID: 0}
  m_PrefabAsset: {fileID: 0}
  m_GameObject: {fileID: 8167788466501408954}
  m_Enabled: 1
  m_EditorHideFlags: 0
  m_Script: {fileID: 11500000, guid: f4044717213e31446939f7bd49c896ea, type: 3}
  m_Name: 
  m_EditorClassIdentifier: 
  m_TrackedObjectOffset: {x: 0, y: -0.5, z: 0}
  m_LookaheadTime: 0
  m_LookaheadSmoothing: 0
  m_LookaheadIgnoreY: 0
  m_HorizontalDamping: 0
  m_VerticalDamping: 0
  m_ScreenX: 0.5
  m_ScreenY: 0.95
  m_DeadZoneWidth: 0
  m_DeadZoneHeight: 0
  m_SoftZoneWidth: 0.15
  m_SoftZoneHeight: 0.6
  m_BiasX: 0
  m_BiasY: 0
  m_CenterOnActivate: 1
--- !u!1 &8167788466609622408
GameObject:
  m_ObjectHideFlags: 0
  m_CorrespondingSourceObject: {fileID: 0}
  m_PrefabInstance: {fileID: 0}
  m_PrefabAsset: {fileID: 0}
  serializedVersion: 6
  m_Component:
  - component: {fileID: 8167788466609622423}
  - component: {fileID: 8167788466609622420}
  - component: {fileID: 8167788466609622421}
  - component: {fileID: 8167788466609622422}
  m_Layer: 0
  m_Name: cm
  m_TagString: Untagged
  m_Icon: {fileID: 0}
  m_NavMeshLayer: 0
  m_StaticEditorFlags: 0
  m_IsActive: 1
--- !u!4 &8167788466609622423
Transform:
  m_ObjectHideFlags: 0
  m_CorrespondingSourceObject: {fileID: 0}
  m_PrefabInstance: {fileID: 0}
  m_PrefabAsset: {fileID: 0}
  m_GameObject: {fileID: 8167788466609622408}
  m_LocalRotation: {x: -0, y: -0, z: -0, w: 1}
  m_LocalPosition: {x: 0, y: 0, z: 0}
  m_LocalScale: {x: 1, y: 1, z: 1}
  m_Children: []
  m_Father: {fileID: 8167788465991735050}
  m_RootOrder: 0
  m_LocalEulerAnglesHint: {x: 0, y: 0, z: 0}
--- !u!114 &8167788466609622420
MonoBehaviour:
  m_ObjectHideFlags: 0
  m_CorrespondingSourceObject: {fileID: 0}
  m_PrefabInstance: {fileID: 0}
  m_PrefabAsset: {fileID: 0}
  m_GameObject: {fileID: 8167788466609622408}
  m_Enabled: 1
  m_EditorHideFlags: 0
  m_Script: {fileID: 11500000, guid: ac0b09e7857660247b1477e93731de29, type: 3}
  m_Name: 
  m_EditorClassIdentifier: 
--- !u!114 &8167788466609622421
MonoBehaviour:
  m_ObjectHideFlags: 0
  m_CorrespondingSourceObject: {fileID: 0}
  m_PrefabInstance: {fileID: 0}
  m_PrefabAsset: {fileID: 0}
  m_GameObject: {fileID: 8167788466609622408}
  m_Enabled: 1
  m_EditorHideFlags: 0
  m_Script: {fileID: 11500000, guid: 9384ab8608cdc3d479fe89cd51eed48f, type: 3}
  m_Name: 
  m_EditorClassIdentifier: 
  m_BindingMode: 5
  m_FollowOffset: {x: 0, y: 8, z: -12}
  m_XDamping: 1
  m_YDamping: 1
  m_ZDamping: 1
  m_AngularDampingMode: 0
  m_PitchDamping: 0
  m_YawDamping: 0
  m_RollDamping: 0
  m_AngularDamping: 0
  m_Heading:
    m_Definition: 2
    m_VelocityFilterStrength: 4
    m_Bias: 0
  m_RecenterToTargetHeading:
    m_enabled: 0
    m_WaitTime: 1
    m_RecenteringTime: 2
    m_LegacyHeadingDefinition: -1
    m_LegacyVelocityFilterStrength: -1
  m_XAxis:
    Value: 0
    m_SpeedMode: 0
    m_MaxSpeed: 300
    m_AccelTime: 0.1
    m_DecelTime: 0.1
    m_InputAxisName: 
    m_InputAxisValue: 0
    m_InvertInput: 1
    m_MinValue: -180
    m_MaxValue: 180
    m_Wrap: 1
    m_Recentering:
      m_enabled: 0
      m_WaitTime: 1
      m_RecenteringTime: 2
      m_LegacyHeadingDefinition: -1
      m_LegacyVelocityFilterStrength: -1
  m_LegacyRadius: 3.4028235e+38
  m_LegacyHeightOffset: 3.4028235e+38
  m_LegacyHeadingBias: 3.4028235e+38
  m_HeadingIsSlave: 1
--- !u!114 &8167788466609622422
MonoBehaviour:
  m_ObjectHideFlags: 0
  m_CorrespondingSourceObject: {fileID: 0}
  m_PrefabInstance: {fileID: 0}
  m_PrefabAsset: {fileID: 0}
  m_GameObject: {fileID: 8167788466609622408}
  m_Enabled: 1
  m_EditorHideFlags: 0
  m_Script: {fileID: 11500000, guid: f4044717213e31446939f7bd49c896ea, type: 3}
  m_Name: 
  m_EditorClassIdentifier: 
  m_TrackedObjectOffset: {x: 0, y: 0, z: 0}
  m_LookaheadTime: 0
  m_LookaheadSmoothing: 0
  m_LookaheadIgnoreY: 0
  m_HorizontalDamping: 0
  m_VerticalDamping: 0
  m_ScreenX: 0.5
  m_ScreenY: 0.55
  m_DeadZoneWidth: 0
  m_DeadZoneHeight: 0
  m_SoftZoneWidth: 0.06066362
  m_SoftZoneHeight: 0.22805099
  m_BiasX: 0
  m_BiasY: -0.00000026136541
  m_CenterOnActivate: 1
